4817 6659
694 750 1456 805 BENEVOLOLBCTORI·
1801 747 1870 822 127

273 920 465 1000 velleribus
483 928 595 1003 aureis
623 928 755 1025 inclyto
779 954 902 1026 regno.
955 930 1024 1004 Sed
1053 948 1088 1001 et
1112 929 1204 1002 illius
1228 952 1341 1002 auteae
1367 948 1529 1010 camera,
1556 942 1590 1001 et
1608 940 1780 1024 argentea
1797 942 1867 998 tra·

266 1027 551 1124 uersarentur,
579 1051 614 1101 et
644 1032 822 1103 columnae
849 1051 956 1126 atque
987 1028 1175 1128 parastatae.
1227 1030 1328 1102 Hinc
1356 1024 1446 1099 adei)
1472 1026 1541 1098 istis
1570 1027 1749 1100 Heroibus
1777 1026 1869 1099 sacta

273 1121 333 1195 illa
350 1122 474 1214 fames,
503 1149 536 1199 et
558 1129 748 1225 cupiditas,
775 1150 810 1200 et
833 1132 949 1216 ardor,
976 1150 1009 1203 et
1028 1129 1198 1226 pericula,
1225 1150 1261 1200 et
1279 1132 1365 1213 lues,
1390 1144 1425 1199 et
1448 1126 1595 1212 dissidia,
1621 1149 1654 1200 et
1683 1128 1806 1208 caedes,
1832 1145 1867 1195 et

273 1246 383 1295 motae
401 1248 506 1323 atque
524 1229 680 1302 ambitus
699 1231 875 1301 itinerum.
927 1230 1013 1302 Hoc
1030 1255 1157 1326 nempe
1176 1227 1264 1300 illud
1284 1248 1356 1299 erat
1373 1229 1416 1299 ad
1435 1226 1533 1322 cujus
1560 1224 1691 1298 famam
1710 1224 1867 1297 universa

265 1323 417 1400 *Graecia
440 1352 537 1399 aures
554 1330 745 1425 attigeret,
771 1330 847 1400 haec
867 1328 924 1399 illa
942 1329 1072 1422 praeda,
1099 1353 1205 1425 quam
1217 1325 1293 1424 jam
1311 1326 1431 1398 animo
1453 1348 1560 1421 atque
1585 1325 1696 1398 oculis
1717 1324 1865 1397 destina-

273 1443 409 1506 verant,
446 1452 599 1525 quaeque
630 1428 708 1501 ilios
736 1427 852 1523 patriis
883 1427 1022 1501 sedibus
1055 1428 1190 1500 excitos
1223 1428 1268 1499 ad
1302 1446 1428 1498 terram
1464 1425 1672 1519 inlrospitam
1703 1426 1866 1497 mitteret.

161 1597 170 1616 ι
275 1520 343 1595 Sed
371 1523 568 1599 fabularum
588 1528 664 1601 satis
684 1528 756 1611 est;
783 1528 903 1598 omnia
925 1529 1018 1600 enim
1037 1525 1192 1622 persequi
1219 1526 1397 1598 infinitum
1416 1528 1466 1598 srt.
1518 1526 1761 1623 Quamobrem
1789 1549 1865 1595 ma·

156 1623 176 1728 i·
269 1620 397 1694 'niiesid
424 1625 504 1698 binc
523 1626 647 1724 liquet,
676 1628 825 1723 singulas
842 1648 961 1722 gentes
988 1625 1228 1698 mediterranei
1249 1625 1352 1697 maris
1370 1627 1504 1698 accolas
1530 1626 1673 1695 navium
1693 1624 1865 1696 inventio·

160 1723 185 1762 ·'
266 1743 354 1795 nem
371 1723 430 1795 frui
445 1726 631 1800 vendicare
650 1750 791 1798 constas
809 1729 890 1811 effe,
903 1747 962 1800 aut
981 1726 1163 1820 singularia
1181 1724 1241 1797 sua
1254 1725 1424 1798 beneficia
1441 1745 1474 1795 et
1495 1725 1650 1817 pericula
1666 1726 1864 1797 fabularum

273 1822 462 1895 involucris
488 1826 676 1920 posteritati
701 1828 953 1898 commendare
970 1825 1143 1899 studuisse.
1198 1828 1243 1897 Et
1260 1849 1333 1919 quo
1360 1824 1496 1895 firmius
1512 1848 1553 1896 ea
1577 1825 1764 1896 hominum
1789 1825 1865 1894 ani-

228 1920 339 1994 ·'·mis
367 1923 566 2018 infigerent,
593 1952 663 1998 non
683 1926 809 2022 puduit
825 1951 884 1997 eos
907 1924 1073 1998 fideribus
1098 1944 1133 1994 et
1158 1928 1251 1997 coslo
1281 1922 1339 1995 lita
1364 1924 1510 1995 nomina
1539 1923 1734 1995 inscribere.
1785 1924 1865 1994 Illic

255 2022 368 2098 enim
408 2024 510 2094 nobis
538 2027 654 2113 Aries,
683 2029 837 2111 Taurus,
875 2024 1039 2120 Pegasus,
1072 2025 1173 2107 Cete,
1206 2025 1325 2119 Argo,
1357 2021 1502 2095 navium
1530 2025 1684 2107 nomina,
1715 2023 1864 2094 totidem

160 2138 230 2235 ’.ί-ζ
252 2124 397 2222 ἰ’ὴπυιη
417 2123 685 2216 expeditionum
704 2122 802 2195 testes
822 2124 1009 2221 refulgent,
1036 2148 1188 2220 quorum
1206 2123 1342 2195 aeternis
1370 2121 1509 2219 ignibus
1539 2142 1573 2194 et
1601 2121 1738 2220 fulgore
1758 2124 1863 2193 Pboe·

165 2210 235 2318 .·‘';s'⁷3
266 2219 382 2304 pices,
411 2219 606 2312 Cretenses,
634 2223 822 2307 Corinthii,
848 2223 1002 2296 'sbelfali
1023 2222 1227 2295 industriam
1247 2222 1342 2294 suam
1362 2223 1499 2317 posteris
1523 2222 1674 2295 testatam
1697 2220 1865 2295 fecerunt.

159 2313 227 2414 is
247 2349 257 2402 3
275 2319 434 2415 Et‘sane,
461 2324 569 2417 quim
588 2347 721 2396 certum
740 2322 801 2403 est,
828 2324 874 2394 ab
907 2326 959 2397 ltis
990 2320 1131 2417 fingulis
1154 2322 1298 2394 uarium
1324 2325 1407 2394 alias
1430 2344 1536 2417 atque
1561 2320 1643 2393 alias
1662 2325 1791 2394 formas
1818 2325 1862 2392 ad

157 2411 220 2524 ᾖ(
249 2509 252 2516 Ι
273 2421 532 2515 eftperlitiorem
552 2422 706 2511 cursum,
734 2443 793 2494 aut
812 2448 961 2495 onerum
979 2421 1235 2509 subsediones,
1249 2442 1309 2495 aut
1327 2424 1496 2495 mercium
1515 2425 1703 2520 esagdgas,
1720 2423 1787 2495 ess'e
1805 2446 1864 2495 ert·

158 2549 201 2616 „-
235 2534 255 2543 ··
271 2520 456 2618 cogitatas,
483 2523 790 2620 quemadmodum

570 2715 671 2734 --
695 2674 802 2748 eriam
828 2675 994 2769 quadam
1021 2697 1115 2746 nunc
1139 2694 1229 2746 artes
1252 2670 1490 2770 expoliuntur,

473 2771 585 2943 §iope
602 2770 709 2846 etiam
724 2775 916 2873 augescunt
933 2804 942 2848 ε
971 2798 1065 2846 nunc
1081 2774 1202 2847 addita
1225 2771 1372 2872 navigiis
1396 2772 1472 2846 sunt

173 2891 229 2966 ··-,;Ι
246 2907 286 2982 ’,ι
313 2920 335 2941 o.
523 2892 615 2945 Uia}

158 2969 197 3097 b³:
211 2993 216 3030 ἶ
229 2972 346 3094 k“tiam
365 3017 603 3092 indubitatum
622 3042 768 3116 quoque
781 3019 882 3093 nobis
901 3017 962 3109 est,
990 3020 1139 3117 primam
1158 3022 1255 3094 navis
1272 3019 1437 3095 fabricam
1456 3023 1476 3091 ia
1495 3019 1658 3101 Noacho,
1678 3017 1745 3092 Dei
1764 3016 1865 3114 ipsrus
1877 3039 1924 3098 De
1943 3034 2008 3097 arci
2021 3037 2084 3101 No·

194 3165 198 3174 ·
221 3154 227 3163 ·
263 3119 376 3216 jussu,
393 3118 465 3213 ejus
483 3118 682 3214 podismum
700 3139 733 3191 et
756 3117 867 3217 spatia
892 3140 1047 3193 metante
1062 3119 1161 3193 fuisse
1179 3101 1385 3195 institutam.
1436 3120 1532 3192 Cum
1552 3118 1647 3192 enim
1667 3116 1948 3193 ltumnrumach's

157 3223 203 3300 '·;·
272 3245 383 3322 genus
400 3219 419 3290 it
445 3217 622 3317 majorum
647 3219 788 3291 suorum
808 3218 968 3292 institutis
983 3220 1193 3308 discessisset,
1210 3243 1257 3310 et,
1275 3221 1410 3294 deserto
1423 3218 1537 3292 divini
1554 3218 1708 3290 numinis
1727 3242 1811 3291 vero
1829 3238 1865 3292 et

157 3311 161 3322 ’
270 3319 433 3418 legitimo
449 3320 561 3405 cultu,
580 3318 742 3391 ultimam
760 3318 994 3416 improbitatis
1007 3341 1043 3392 et
1056 3317 1224 3393 scelerum
1242 3320 1404 3394 omnium
1423 3318 1550 3391 lineam
1569 3318 1784 3403 transiliilfet,
1801 3343 1865 3394 ne·

270 3446 341 3518 que
358 3417 628 3492 concionantem
647 3422 922 3517 monentquue
942 3419 1132 3493 Noachum
1151 3421 1309 3493 audiret:
1338 3420 1393 3493 sed
1413 3418 1523 3490 divini
1542 3416 1630 3490 senis
1647 3417 1790 3491 monitis
1806 3419 1863 3492 in·

270 3520 373 3617 sopit
390 3518 529 3602 habitis,
557 3518 664 3592 etiam
680 3518 714 3591 in
736 3519 810 3591 dies
828 3520 864 3591 in
882 3518 982 3616 pejus
1000 3540 1149 3604 ruerent,
1175 3540 1211 3594 et
1228 3524 1273 3596 ab
1290 3519 1389 3592 omni
1407 3519 1537 3590 virtute
1556 3518 1682 3613 pedem
1702 3517 1793 3591 retro
1810 3543 1861 3593 re·

270 3620 425 3693 ferrent:
454 3641 537 3693 tunc
553 3619 713 3703 demum,
731 3639 898 3715 tanquam
918 3620 1012 3692 malo
1029 3620 1239 3708 inveterato,
1264 3640 1298 3693 et
1318 3620 1419 3691 rebus
1434 3619 1635 3714 desperatis,
1663 3619 1763 3691 Deus
1778 3618 1860 3715 ipse,

271 3739 311 3793 ut
329 3720 420 3793 hane
439 3718 699 3815 improbitatem
715 3717 850 3790 aeternis
863 3718 1014 3792 tenebris
1031 3721 1226 3806 damnaret,
1242 3719 1434 3792 Noachum
1449 3720 1492 3791 ad
1507 3715 1664 3811 rampses
1681 3716 1859 3805 instruxit,

269 3842 305 3893 et
335 3818 640 3915 quemadmodum
669 3820 952 3914 unumquodque
979 3819 1068 3908 fieri,
1094 3839 1128 3891 et
1156 3818 1281 3893 mundi
1310 3820 1508 3915 depositum
1538 3816 1717 3900 custodiri,
1741 3818 1859 3908 vellet,

271 3918 448 3994 ostendit:
477 3942 560 4015 quae
576 3915 765 3992 animantia
783 3918 818 3989 in
842 3918 957 3993 semen
984 3917 1169 3992 reservari:
1196 3920 1356 4017 qumque
1382 3920 1598 4015 singulorum
1628 3942 1796 4017 generum
1823 3919 1859 3991 in

271 4046 387 4095 arcam
412 4018 575 4092 admitti:
605 4018 678 4107 ubi,
704 4040 738 4090 et
757 4019 1063 4114 quemadmodum
1081 4018 1243 4093 stabulari
1270 4038 1457 4115 oporteret,
1484 4017 1638 4092 edocuit.
1690 4017 1858 4090 Seculum

266 4122 445 4218 integrum
472 4116 608 4191 duravit
630 4143 670 4190 ea
699 4118 832 4216 navigii
860 4118 1011 4207 molitio,
1039 4143 1146 4217 quam
1172 4121 1192 4191 it
1222 4117 1335 4193 formai
1361 4117 1488 4205 risuros,
1520 4121 1666 4204 Arcam,
1694 4116 1859 4190 dicimus.

270 4223 545 4314 Corporaturam
574 4239 609 4289 et
637 4240 724 4289 arcae
749 4219 899 4291 modum
917 4221 1015 4291 Deus
1045 4242 1190 4315 quoque
1219 4216 1291 4313 ipse
1320 4216 1534 4315 praescripfit.
1588 4218 1862 4306 Trecentorum,

271 4320 401 4415 inquit,
428 4316 629 4390 cubitorum
647 4316 719 4390 esto
735 4341 823 4389 arcae
850 4318 1050 4415 longitudo,
1078 4315 1339 4416 quinquaginta
1356 4316 1520 4404 latitudo,
1548 4336 1581 4387 et
1611 4317 1754 4413 triginta
1780 4316 1859 4389 alti·

270 4420 360 4491 tudo
384 4415 482 4510 ejus3
510 4415 718 4510 ampliffimo
735 4417 813 4489 fane
826 4439 860 4490 et
881 4417 1037 4490 maximo
1054 4418 1189 4516 spati03
1217 4437 1254 4489 ut
1285 4416 1461 4513 podismus
1491 4417 1565 4511 ejus
1592 4416 1611 4488 ὲ
1640 4417 1860 4513 longitudine

270 4540 303 4593 et
331 4515 515 4590 latitudine
542 4515 654 4610 major
671 4515 901 4616 sesquijugero
920 4518 1089 4591 Romano
1105 4519 1401 4613 deprehendatur.
1453 4519 1501 4589 At
1526 4516 1638 4588 sorsin
1657 4515 1861 4588 bominibus

270 4615 482 4715 quibusdam
504 4615 653 4687 nimium
684 4618 835 4705 curiosis,
864 4615 1020 4715 queisque
1049 4617 1170 4691 diuina
1189 4642 1296 4714 opera
1313 4620 1356 4690 ad
1376 4617 1518 4688 humani
1537 4616 1670 4687 cerebri
1698 4639 1859 4690 normam

270 4719 410 4815 exigere
430 4712 514 4786 nihil
531 4713 659 4810 podet,
688 4716 748 4788 isla
767 4713 882 4790 minus
901 4717 983 4791 fidei
1012 4718 1141 4789 habere
1166 4719 1364 4803 videantur,
1391 4720 1413 4789 fr
1433 4718 1522 4789 hanc
1542 4717 1673 4787 molem
1692 4716 1734 4788 ad
1755 4715 1857 4788 poliri

266 4819 335 4892 aevi
369 4813 510 4909 navigia
540 4807 785 4898 conseramus3
814 4838 847 4887 et
875 4817 1028 4912 partiunt
1057 4817 1258 4912 symmetria
1291 4815 1431 4913 insuper
1460 4816 1552 4887 haud
1581 4815 1660 4887 satis
1685 4816 1728 4887 ad
1759 4814 1858 4887 illam

264 4914 559 4991 consuetudinem
584 4934 675 5008 apta.
728 4914 841 5008 Atqui
870 4914 1024 4987 ludibria
1050 4940 1174 5010 regum
1197 4916 1232 4987 in
1257 4915 1343 4985 mari
1372 4912 1640 4998 lascivientium,
1668 4912 1730 5011 qui
1757 4915 1857 4987 trire-

266 5041 345 5090 mes
369 5014 511 5086 lusorias
539 5034 573 5084 et
603 5011 820 5084 cubiculatas
854 5011 1114 5102 exstruxerunt,
1151 5013 1232 5086 fatis
1261 5012 1434 5110 superque
1470 5013 1578 5084 fidem
1612 5012 1750 5087 sacient.
1803 5016 1856 5087 Hi

270 5118 380 5200 enim,
408 5111 471 5183 illo
489 5114 654 5207 exemplo
670 5113 766 5184 haud
791 5110 905 5184 dubiis
932 5112 1077 5201 incitari,
1104 5137 1181 5185 eam
1210 5113 1376 5186 fabricam
1398 5112 1477 5185 sunt
1499 5112 1683 5186 aemulati:
1713 5138 1793 5186 nam
1824 5136 1859 5187 et

269 5220 344 5289 hac
362 5235 441 5286 arca
457 5235 602 5307 quoque
620 5214 638 5284 a
658 5210 811 5307 profanis
829 5210 1054 5306 scriptoribus
1072 5214 1251 5286 literarum
1270 5212 1509 5286 monumentis
1525 5210 1591 5287 fuit
1610 5214 1782 5288 celebrata
1798 5244 1807 5297 ;
1835 5218 1857 5285 ti

270 5314 358 5410 quid
387 5308 541 5407 Josepho
566 5312 763 5399 credimus,
803 5311 865 5410 qui
897 5313 1011 5387 Berost
1036 5313 1211 5401 chaldaei,
1239 5313 1453 5409 Hieronymi
1483 5314 1662 5411 AEgyptii,
1691 5314 1857 5403 Mnaseae,

268 5414 413 5489 'Nicolai
431 5407 657 5500 Damasceni,
681 5411 902 5513 aliott‘rmque
917 5413 1157 5515 complurium
1175 5415 1398 5490 autoritatem
1421 5417 1588 5513 appellat.
1640 5416 1762 5520 Atque
1771 5414 1860 5584 tlpinc

1732 5517 1780 5585 lat
1803 5541 1863 5589 unt
