4817 6659
379 745 465 823 ¹„tao
802 752 1574 811 saurvoaoaacront.

385 928 556 1023 tantum)
583 930 785 1006 aellimatatn
804 930 901 1005 fuisse
918 932 1011 1004 haud
1030 928 1078 1003 est
1094 930 1243 1005 dubium
1259 959 1271 1017 ς
1295 953 1404 1030 atque
1420 931 1485 1007 alia
1501 930 1604 1028 hujus
1623 932 1757 1029 generis
1772 933 1867 1031 apud
1887 934 1976 1010 His·

384 1027 512 1102 toricos
526 1047 560 1100 et
577 1033 807 1130 Geographos
825 1032 972 1118 infinita,
984 1056 1064 1124 quae
1080 1050 1194 1105 tamen
1211 1030 1332 1105 omnia
1345 1030 1497 1107 nimibm
1511 1033 1644 1108 lubrica
1660 1054 1692 1107 et
1709 1055 1835 1132 praeter
1853 1035 1978 1111 verita·

384 1146 455 1201 tem
469 1129 515 1199 ab
533 1127 574 1201 iis
592 1131 638 1204 ita
653 1132 798 1205 delinita
814 1133 881 1204 esse
896 1130 1107 1226 experientia
1123 1131 1314 1204 convincit.
1341 1135 1459 1221 Certe,
1476 1132 1649 1229 quamdiu
1665 1133 1806 1230 pyxidis
1824 1134 1975 1209 nautieae

382 1228 529 1300 diredio
548 1228 613 1301 illis
632 1230 752 1325 ignota
769 1232 849 1319 suit,
878 1230 1011 1302 tamdiu
1034 1255 1178 1326 quoque
1194 1232 1272 1303 illos
1296 1257 1420 1304 omnes
1436 1232 1523 1305 tatio
1541 1231 1629 1305 bene
1655 1233 1839 1306 divinandi
1857 1233 1950 1329 fugit
1961 1263 1973 1320 ;

383 1326 451 1399 hoc
476 1327 571 1399 enim
595 1332 675 1403 vere
699 1353 769 1403 erat
799 1331 969 1403 Ariadnes
995 1329 1110 1413 filum,
1137 1356 1210 1425 quo
1238 1327 1313 1404 solo
1339 1353 1372 1404 et
1398 1330 1528 1420 cursus,
1556 1351 1591 1405 et
1614 1331 1779 1407 cursuum
1806 1334 1976 1409 mensurae

382 1449 567 1522 reguntur.

678 1620 830 1640 —-·-
848 1579 968 1652 Nullis
997 1577 1117 1650 iterata
1138 1580 1298 1675 priorum

578 1680 694 1770 Janua
712 1677 877 1768 difficilis,
904 1680 965 1752 filo
982 1678 1028 1750 cst
1047 1678 1187 1751 inventa
1209 1679 1341 1752 relido

382 1828 416 1902 Si
442 1831 613 1921 (lupellum,
641 1828 814 1903 mensores
844 1830 975 1903 itineris
993 1829 1186 1903 Alexandri
1214 1827 1347 1926 magni,
1376 1827 1573 1925 Diognetus
1597 1848 1632 1901 et
1661 1827 1786 1922 Beton,
1813 1859 1892 1909 eam
1916 1861 1974 1910 ra·
2008 1809 2058 1974 ,1

382 1927 514 2000 tionem
540 1927 650 2002 essent
666 1929 796 2014 secuti;
824 1951 859 2003 et
876 1928 991 2028 postea
1014 1929 1172 2002 Romani
1199 1929 1520 2024 decempedatores.
1546 1928 1774 2018 Zenodoxus,
1802 1919 2055 2020 Theodoufl'·

380 2048 448 2114 tus,
476 2027 684 2123 Polyclitus,
702 2028 790 2121 Julii
809 2029 952 2103 Caesaris
968 2029 1152 2102 autoritate
1170 2027 1257 2101 missa
1273 2028 1316 2101 ad
1337 2026 1606 2100 mensurandum
1625 2031 1748 2103 orbem
1766 2032 1997 2114 universum,
2032 2061 2051 2108 .-·

382 2127 548 2200 Romano
575 2128 725 2224 imperio
751 2128 959 2226 subjectum,
987 2153 1118 2225 magna
1145 2128 1271 2200 veteris
1295 2128 1529 2224 Geographiae
1548 2128 1609 2199 lux
1626 2130 1694 2200 hoc
1719 2131 1839 2204 labore
1855 2129 1978 2208 acces·
2010 2121 2015 2128 ¹
2051 2131 2058 2142 ’

382 2228 490 2312 srsset3
531 2226 589 2300 sed
623 2228 684 2301 ista
710 2231 849 2303 tantum
880 2229 1081 2325 optantium
1108 2250 1191 2301 vota
1218 2225 1311 2300 sunt.
1364 2226 1474 2299 Nunc
1509 2227 1631 2300 autem
1662 2229 1767 2324 porro
1790 2230 1979 2310 videamus
2029 2271 2050 2324 z,

378 2326 685 2422 quemadmodum
704 2354 749 2402 ex
766 2330 889 2402 harum
906 2328 1056 2400 duarum
1075 2330 1264 2401 collatione
1294 2323 1468 2421 paulatim
1492 2345 1666 2423 precepta
1692 2348 1726 2400 et
1752 2325 1973 2426 regulag‘ta'.
2007 2321 2044 2378 ἰ’-

379 2426 505 2525 gendis
521 2427 666 2501 navium
685 2431 841 2501 cursibus
863 2431 926 2501 srnt
950 2429 1132 2525 expressae.
1183 2425 1292 2498 Initio
1316 2424 1463 2521 quidem
1492 2424 1586 2497 certe
1615 2426 1731 2499 minus
1761 2425 1970 2521 commode,

152 2562 203 2627 D,
220 2560 325 2623 chartis
379 2523 551 2621 quamdiu
568 2529 703 2599 tabulas
718 2528 1014 2625 hydrographicas
1032 2527 1080 2600 ita
1103 2527 1139 2599 in
1169 2526 1278 2622 plano
1304 2524 1540 2621 designabant,
1568 2546 1607 2597 ut
1635 2548 1757 2599 omnes
1784 2531 1975 2625 parallelos

153 2639 324 2721 Hydrogn-
380 2626 533 2721 aequales
551 2624 639 2698 inter
655 2624 688 2697 se
706 2625 966 2700 constituerent.
998 2630 1105 2700 Tunc
1118 2626 1213 2699 enim
1231 2624 1409 2696 minorum
1428 2625 1674 2721 parallelorum
1694 2647 1821 2721 partes,
1847 2631 1970 2713 srmili'·

152 2719 253 2800 phiala.
375 2726 443 2798 bus
459 2722 630 2823 majorum
650 2727 807 2822 partibus
824 2728 959 2821 pariare
985 2746 1057 2799 erat
1082 2725 1241 2807 necesse;
1269 2724 1351 2796 inde
1368 2746 1453 2795 cum
1477 2722 1540 2807 sub
1570 2724 1689 2819 aliquo
1718 2729 1881 2821 parallelo
1905 2731 1971 2803 de·
1998 2775 2004 2786 -

378 2845 556 2898 currerent
582 2825 723 2923 singulis
741 2826 920 2924 gradibus,
945 2847 1082 2898 tantum
1100 2825 1303 2898 tribuebant
1320 2843 1493 2917 quantum
1513 2822 1573 2894 uni
1604 2823 1729 2918 gradui
1747 2826 1784 2898 in
1809 2815 1971 2904 maiiimb

374 2923 507 2998 circulo
532 2924 646 3006 cedit;
675 2926 734 3021 qui
766 2951 859 2998 error
876 2948 914 2998 ut
933 2929 970 2998 stt
998 2925 1250 3008 intolerabilis,
1278 2923 1325 2994 ita
1344 2922 1436 2994 baud
1465 2920 1549 3005 scio,
1575 2948 1622 2995 an
1649 2919 1880 3000 Ptolomaeus'
1896 2925 1969 3024 ipse

375 3023 411 3098 in
429 3022 488 3098 sua
505 3025 734 3123 Geograpbib
753 3053 822 3099 non
843 3025 990 3121 perinde
1009 3025 1045 3097 iu
1060 3022 1274 3096 Geometriae
1290 3019 1463 3119 principia
1480 3020 1681 3118 impegerit,
1699 3048 1781 3095 cum
1799 3025 1836 3098 in
1855 3023 1997 3122 globo*
2040 3029 2048 3038 ’

373 3143 545 3221 tanquam
564 3124 600 3196 in
629 3126 736 3221 plano
765 3123 962 3198 subtensam
985 3126 1118 3218 angulo
1146 3126 1240 3194 recto
1266 3122 1285 3193 ὲ
1313 3144 1454 3194 crurum
1472 3119 1650 3215 quadratis
1672 3122 1809 3197 eruerit.
1853 3125 1967 3210 Muto

372 3224 445 3319 ejus
461 3223 748 3297 hallucinationes
767 3224 976 3310 saedissrmas,
1003 3224 1040 3294 in
1055 3245 1198 3293 crurum
1218 3220 1412 3317 quantitate
1428 3217 1643 3292 aestimanda.
1696 3222 1765 3295 Sed
1792 3209 1993 3399 iste'qipor„

373 3349 446 3395 non
467 3324 550 3417 ips1;
577 3322 698 3396 verbm
717 3322 886 3420 imperitis
902 3320 1068 3394 itinerum
1094 3321 1267 3413 simpulsare
1279 3317 1507 3415 imputandus
1524 3318 1587 3404 stt,
1613 3321 1633 3391 a
1663 3321 1792 3419 quibus
1821 3309 1901 3397 ille*
1922 3313 2020 3402 1⁸¹⁸?
2047 3395 2058 3414 ,,

374 3421 549 3493 derivavit
579 3442 612 3493 et
645 3420 833 3518 exscripsrt,
873 3421 972 3517 grata
1005 3418 1210 3517 posteritatis
1239 3417 1420 3492 memorii.
1482 3415 1540 3490 Illi
1585 3419 1730 3517 quidem
1764 3397 2024 3514 navarchaeg‘f'

376 3520 547 3616 quamdiu
566 3520 656 3591 intra
673 3522 808 3593 sextum
827 3541 861 3591 et
879 3520 1090 3592 tricefimum
1113 3519 1321 3616 parallelum
1347 3516 1575 3601 sttbfisterent,
1603 3519 1664 3592 vix
1693 3518 1816 3617 quinta
1837 3523 1966 3620 gradris

374 3620 518 3715 patrea
551 3618 632 3691 vera
661 3619 817 3692 mensura
838 3620 1025 3694 abiverant
1051 3618 1201 3693 diversi:
1229 3641 1264 3692 et
1290 3636 1422 3714 quanto
1449 3616 1594 3715 propius
1618 3621 1663 3692 ad
1681 3619 1963 3717 aeqttinos'tialem

373 3721 593 3808 accederent,
630 3740 729 3792 tanto
753 3720 871 3793 minus
898 3716 1022 3793 erroris
1052 3717 1195 3793 illorum
1226 3715 1434 3814 conjecturis
1462 3714 1703 3813 objiciebatur.
1755 3722 1879 3816 Atque
1904 3721 1965 3795 hic

373 3817 678 3891 loxodromiarum
696 3822 845 3916 angulos
872 3844 933 3915 per
963 3820 1248 3917 redangulorum
1276 3816 1530 3913 triangulorum
1555 3818 1732 3892 calculum
1762 3820 1964 3915 exprimere

316 3954 327 3968 ··
371 3940 607 4012 occeperunt;
635 3918 696 3991 ubi
723 3919 811 3992 illud
837 3920 983 4016 quidem
1001 3918 1168 3990 hedenus
1195 3916 1315 3989 redd:
1348 3914 1604 3989 [oxodromiae
1623 3916 1860 4015 cujuscunque
1888 3917 1962 4018 seg·

373 4037 493 4088 menta
510 4016 598 4089 intra
619 4018 796 4112 parallelos
819 4019 1076 4115 aequidistantes
1093 4019 1160 4089 effe
1176 4015 1352 4113 aequalia3
1380 4036 1415 4086 et
1444 4019 1586 4100 contra,
1613 4017 1790 4114 aequalem
1815 4020 1963 4113 paralle-

373 4119 488 4188 lorum
507 4118 721 4189 circulorum
738 4116 950 4204 distantiam,
969 4116 1133 4200 similium
1151 4113 1478 4188 Loxodromiarum
1496 4111 1672 4212 segmenta
1696 4116 1827 4213 ubique
1843 4140 1961 4214 aequa·

369 4214 417 4286 lia
439 4216 655 4310 intercipere.
707 4218 815 4305 Haec,
843 4217 1004 4315 inquam,
1026 4216 1188 4315 quamvis
1215 4215 1296 4288 vere
1324 4237 1358 4284 et
1387 4213 1543 4307 legitime
1568 4216 1613 4286 ab
1639 4215 1718 4312 ipsis
1747 4234 1889 4298 notatas
1926 4239 1962 4292 et

371 4318 416 4386 ab
441 4316 692 4412 hydrographis
722 4342 797 4388 earn
825 4335 933 4390 artem
964 4316 1206 4403 tradantibus,
1232 4340 1279 4387 ex
1303 4313 1561 4407 triangulorum
1587 4314 1773 4409 planorum
1800 4314 1962 4388 doctrina

374 4437 445 4486 non
471 4413 579 4486 nimis
596 4417 757 4488 accurate
790 4417 824 4488 in
856 4416 1025 4512 quasdam
1052 4416 1196 4487 tabellas
1228 4415 1272 4486 ad
1298 4414 1389 4485 hanc
1414 4434 1488 4483 retn
1518 4408 1625 4482 sadas
1649 4414 1756 4486 essent
1781 4412 1959 4509 congesta,

372 4536 460 4609 quas
486 4514 591 4584 eriam
610 4514 724 4610 postea
752 4514 892 4587 Nonius
918 4517 963 4588 ad
994 4514 1161 4586 incudem
1189 4509 1390 4585 revocavit:
1428 4534 1499 4581 uon
1529 4530 1718 4607 potuerunt
1748 4534 1866 4585 tamen
1890 4512 1962 4587 istae

373 4611 436 4683 lule
460 4612 690 4708 vii-legitime
715 4613 954 4703 demonstrari,
981 4610 1064 4710 quia
1081 4610 1210 4683 tabulis
1226 4607 1467 4709 geographicis
1484 4609 1610 4705 planis,
1636 4630 1672 4683 et
1697 4611 1961 4709 quadriangulis

370 4710 558 4784 illisessent
577 4712 805 4785 inaedificatae.
857 4714 1023 4810 ltaquod
1050 4708 1179 4783 dicitur
1201 4712 1219 4787 ri
1242 4712 1320 4805 τύχη
1350 4710 1398 4785 riv
1422 4713 1519 4803 τέχνην
1548 4715 1682 4805 sylvius.
1722 4710 1786 4784 hac
1813 4711 1961 4785 levicula

371 4812 565 4900 occasione,
591 4831 759 4907 tanquam
779 4811 946 4888 nascentis
962 4810 1043 4884 artis
1061 4809 1211 4885 scintilla.
1222 4812 1392 4907 quadam,
1419 4805 1480 4882 sub
1508 4834 1641 4882 annum
1668 4832 1761 4905 1530
1790 4810 1960 4884 excitatus

213 4982 255 5030 m
370 4912 543 5001 ἁριὶίωῖος
559 4912 619 4985 ille
636 4914 762 4984 Petrus
778 4912 932 5000 Nonius,
957 4909 1208 4985 hanc-eandem
1225 4907 1425 4983 doctrinam
1454 4909 1560 5004 paulo
1582 4906 1685 4981 altius
1710 4909 1873 4981 arcessere
1902 4910 1958 4982 in-

148 5049 212 5108 m
231 4989 339 5107 effim-
372 5005 504 5090 stituit;
530 5031 565 5082 et
589 5010 920 5108 apseutlographid,
946 5013 992 5084 ad
1015 5012 1176 5083 Globum
1204 5007 1318 5107 ipsum
1349 5009 1567 5105 provocavit.
1617 5006 1704 5102 Qui,
1730 5031 1795 5102 pto
1823 5007 1958 5084 summd

148 5147 211 5186 rum
228 5125 348 5202 Hydro-
373 5104 431 5177 sud
448 5106 628 5196 industria,
655 5131 689 5180 et
706 5112 779 5205 qua
795 5113 952 5206 pollebat
969 5109 1101 5207 ingenii
1129 5108 1352 5194 dexteritate,
1378 5107 1490 5181 multa
1505 5106 1594 5179 eruit
1606 5137 1618 5189 t
1644 5128 1679 5181 et
1700 5106 1819 5178 multis
1841 5107 1956 5181 acces·

148 5203 345 5341 wlcanus
372 5205 522 5277 sionibus
540 5207 696 5302 priorum
714 5211 855 5281 inventa
880 5209 1178 5305 collocupletavit.
1229 5207 1357 5303 Neque
1385 5229 1467 5278 eum
1493 5202 1611 5303 piguit
1637 5229 1758 5278 earum
1785 5204 1955 5281 linearum

148 5303 321 5419 ‘maffia
369 5303 581 5393 affediones,
608 5330 693 5402 quas
717 5308 863 5380 navium
880 5305 999 5383 cursus
1019 5311 1066 5382 ad
1082 5305 1260 5403 ξεναγαηίιν
1287 5303 1499 5416 magneticae
1525 5303 1609 5378 aeds
1624 5303 1837 5392 describunt,
1864 5302 1957 5379 libro

147 5452 305 5517 mm„
372 5402 534 5501 singulari
552 5405 746 5505 explicate.
793 5406 888 5497 Post,
904 5408 1025 5507 elapsu
1040 5407 1177 5507 aliquot
1192 5403 1311 5498 annis,
1333 5405 1429 5481 lrbto
1441 5400 1592 5480 secundo
1607 5407 1653 5482 de
1665 5404 1827 5580 Regqpppl
1835 5423 1876 5478 et,
1896 5404 1954 5515 ln-

1832 5524 1959 5579 mentis
