4817 6659
1063 703 1274 798 (aet)

570 899 636 973 ille
653 898 820 972 laceffitus
837 898 948 993 longo
973 895 1167 991 spiraminis
1185 899 1266 972 aclu

572 996 721 1070 Arcanis
739 997 883 1070 trahitur
905 996 1054 1092 gemml¹
1067 996 1113 1068 de
1135 995 1289 1092 conjuge
1312 996 1429 1070 nodia

571 1097 739 1170 Pronuba
757 1096 797 1168 fit
815 1116 935 1168 natura
954 1095 1056 1182 Deis,
1083 1093 1290 1191 ferrumque
1309 1096 1446 1168 maritat

571 1201 672 1268 Aura
695 1216 816 1280 tenax,
844 1196 965 1267 subitis
987 1193 1159 1268 sociantur
1176 1196 1338 1268 Numina
1354 1192 1464 1266 furtis.

565 1295 660 1389 Qus
677 1295 773 1366 calor
791 1292 940 1366 infundit
959 1293 1109 1388 geminis
1126 1294 1259 1366 alterna
1276 1292 1427 1366 metallis

574 1394 753 1468 Foedera?
782 1418 862 1489 quae
880 1396 986 1465 duras
1006 1390 1126 1489 jungit
1145 1392 1335 1464 concordia
1360 1394 1521 1464 mentes?

573 1492 714 1588 Flagrat
731 1495 855 1564 anhela
881 1494 986 1575 silex;
1013 1511 1047 1560 et
1070 1491 1222 1563 amicam
1240 1491 1352 1564 saucia
1369 1487 1471 1561 sentit

572 1591 775 1676 Materiem,
804 1588 1029 1684 placidosque
1047 1590 1190 1683 chalybs
1210 1588 1389 1685 cognoscit
1406 1614 1562 1661 amoresa

573 1686 632 1761 sic
650 1689 769 1761 Venus
785 1689 986 1761 horrificum
1016 1687 1098 1760 belli
1125 1688 1346 1784 compescere
1370 1689 1527 1786 Regem,

570 1787 619 1858 Et
642 1789 780 1859 vultum
801 1788 936 1859 mollire
952 1787 1049 1874 solet,
1076 1811 1160 1859 cum
1179 1785 1347 1884 sanguine
1366 1811 1519 1885 praeceps

572 1885 727 1973 AEstuat‚
752 1906 787 1957 et
804 1885 925 1958 striclis
948 1884 1176 1958 mucronibus
1193 1886 1326 1984 asperat
1343 1887 1424 1974 iras,

575 1987 659 2057 Sola
679 1983 760 2057 seris
776 1984 927 2058 occurrit
945 1982 1057 2080 equis,
1083 1987 1273 2082 mollitque
1290 2007 1466 2057 tumorem

571 2083 741 2169 Pesloris,
768 2104 801 2155 et
820 2084 952 2156 blando
968 2081 1161 2178 praecotdia
1178 2103 1353 2178 temperat
1372 2083 1466 2181 igne.

572 2184 650 2257 Pax
669 2183 787 2255 animo
802 2182 987 2277 tranquilla
1003 2182 1119 2270 datur,
1146 2181 1352 2280 pugnisque
1369 2182 1521 2254 calentes

575 2281 727 2366 Deserit,
752 2303 787 2353 et
809 2282 926 2354 rutilas
943 2279 1096 2355 declinat
1120 2281 1155 2353 iu
1178 2282 1297 2356 oscula
1312 2280 1439 2354 cristas.

572 2385 664 2479 Qae
687 2377 766 2469 tibi,
793 2381 881 2454 saeve
905 2404 1007 2478 puer,
1033 2405 1104 2453 non
1123 2378 1171 2452 est
1189 2380 1351 2476 permissa
1374 2377 1550 2477 potestas?

575 2482 640 2552 Tu
665 2504 836 2573 magnum
863 2478 1000 2575 superas
1024 2477 1173 2567 sulmen,
1199 2481 1360 2576 caeloque
1385 2478 1511 2552 telislo

575 2577 761 2651 Fluctibus
783 2579 817 2650 in
837 2576 964 2652 mediis
980 2576 1079 2673 cogis
1096 2577 1234 2676 mugire
1249 2581 1470 2651 Tonantem.

577 2679 659 2772 Jam
677 2677 808 2777 gelidas
826 2700 943 2773 rupes,
969 2677 1124 2773 vivoque
1144 2677 1295 2751 carentia
1319 2676 1418 2750 sensu

580 2776 748 2850 Membra
764 2775 866 2849 feris:
887 2774 963 2874 jam
986 2781 1068 2849 saxa
1086 2776 1155 2848 tuis
1177 2775 1336 2850 obnoxia
1355 2775 1444 2863 telis,

575 2873 623 2947 Et
640 2874 773 2970 lapides
792 2877 870 2949 suus
885 2876 990 2948 ardor
1006 2873 1078 2974 agit
1094 2901 1105 2959 ς
1132 2874 1335 2971 serrt‘rmque
1352 2893 1492 2948 tenetur

580 2971 780 3050 lllecebris:
807 2972 925 3075 rigido
948 2995 1093 3076 regnatu
1116 2974 1153 3051 in
1171 2999 1346 3051 marmore
1363 2974 1530 3048 flammae.
