4817 6659
419 713 490 787 ιῶ
836 729 1606 798 ssusvotoaacrosa

410 909 548 1007 Longis
565 908 662 983 enim
680 931 772 984 nave
788 908 942 986 Iasonem
962 912 1118 1011 primum
1137 912 1322 1012 mugisse,
1342 918 1634 1017 Philostephanus
1647 941 1749 997 autor
1764 921 1824 998 est.
1853 922 1916 1000 Ait
1936 924 2016 998 Pli-

417 1012 494 1083 nius
518 1010 598 1089 libri
615 1010 752 1106 septimi
769 1010 885 1107 eapite
903 1010 1000 1087 sexto
1021 1035 1055 1086 et
1077 1014 1395 1114 quinquagesimos

620 1155 714 1227 Bend
731 1152 869 1252 dissepti
887 1154 1020 1228 foedera
1037 1156 1165 1229 mundi

618 1254 746 1325 Traxit
764 1254 799 1326 in
818 1279 930 1327 unum
948 1257 1111 1329 Thessala
1131 1256 1244 1350 pinus,

614 1353 792 1451 Jussstque
808 1353 879 1451 pati
898 1355 1041 1427 verbera
1060 1378 1222 1453 pontum.

418 1498 500 1579 Fuit
517 1500 592 1572 haec
615 1502 843 1592 usvundun&
867 1500 993 1599 prima,
1021 1499 1055 1573 in
1075 1526 1152 1573 earn
1179 1526 1261 1575 cum
1279 1501 1405 1599 Jasone
1434 1526 1586 1599 quatuor
1604 1528 1639 1578 et
1664 1505 1919 1606 quinquaginta
1941 1513 2016 1585 Ar-

417 1622 581 1698 gonautae
611 1600 690 1673 sunt
722 1600 871 1697 ingressi.
925 1601 1020 1674 Haec
1049 1625 1177 1698 nempe
1204 1621 1274 1674 erat
1305 1603 1363 1675 illa
1391 1603 1527 1676 delesla
1555 1607 1702 1678 heroum
1734 1634 1872 1696 manus,
1911 1617 2010 1697 uri&
2106 1675 2111 1686 .

415 1700 626 1798 ipsmsulmt.
681 1700 721 1771 ln
739 1699 828 1773 hanc
852 1723 963 1773 uuam
988 1699 1053 1770 flos
1070 1698 1176 1772 totius
1200 1699 1350 1773 Graeciae
1373 1701 1525 1774 coivit:
1560 1704 1746 1790 Hercules,
1765 1706 1899 1793 Castor,
1928 1710 2013 1781 1²01.

417 1801 495 1887 lux,
512 1798 590 1872 Diis
606 1798 739 1896 geniti3
763 1801 891 1896 alisque
908 1819 943 1871 et
961 1822 1057 1897 teges
1074 1819 1108 1873 et
1124 1822 1250 1897 regum
1268 1798 1354 1874 filii:
1375 1802 1480 1874 Vates
1497 1802 1661 1899 Mopsus,
1681 1828 1714 1879 et
1732 1808 1860 1886 Idmon
1877 1834 1886 1879 ι
1907 1810 2013 1883 Nau·
2086 1807 2111 1882 --’;

417 1924 527 1998 pegus
552 1903 672 1999 Argus
688 1926 697 1967 ι
2012 1902 2065 1948 ··'·

717 2090 867 2106 -—-·-
890 2048 961 2123 sors
988 2048 1067 2140 tibi,
1096 2049 1210 2147 nequi
1980 2139 1982 2143 ι
2070 2123 2077 2136 .

613 2149 718 2221 Parte
735 2150 847 2220 trahat
864 2149 1011 2222 tacitum
1031 2151 1161 2247 puppis
1178 2173 1286 2237 mare,
1312 2149 1456 2248 fixique
1473 2153 1585 2227 fludu
2009 2151 2040 2240 {s
2066 2155 2111 2231 p

614 2249 679 2321 Vel
700 2247 779 2343 pice
797 2250 854 2320 vel
882 2250 984 2323 molli
1000 2251 1213 2327 concludere
1236 2251 1382 2324 uulnera
1400 2251 1488 2325 cers.
2012 2257 2039 2285 ²⁴

1933 2339 1948 2347 ..
1987 2303 1992 2328 “.
2077 2313 2086 2328 0

1973 2359 1983 2387 ³
2019 2351 2049 2382 ’ὃ
2081 2357 2110 2400 ’.1.

417 2390 593 2469 Celeulies
616 2390 688 2491 ipse
706 2390 887 2489 Orpheus,
1914 2421 1922 2450 ··
1947 2399 2018 2492 f:
2082 2422 2111 2502 ja

764 2581 915 2600 --
940 2538 1002 2638 qui
1028 2540 1184 2614 carmine
1210 2540 1326 2616 tonsas

618 2642 674 2715 Ite
690 2643 809 2729 docet,
834 2643 975 2714 summo
991 2641 1120 2739 passim
1139 2668 1184 2716 ne
1202 2643 1345 2742 gurgite
1362 2665 1534 2746 pugnent.

416 2787 531 2866 Navis
547 2788 707 2889 magister
724 2808 759 2863 et
776 2789 992 2887 gubernator
1011 2788 1167 2887 Tiphys,

614 2936 687 3112 (λιιι
707 2937 810 3011 maris
827 2934 980 3024 infidias,
1006 2938 1110 3009 clarae
1127 2934 1187 3031 qui
1205 2936 1315 3010 sdera
1333 2936 1446 3014 nostis

612 3039 647 3109 N
678 3037 734 3125 rit,
760 3056 794 3112 et
811 3037 831 3107 e
848 3035 968 3110 clausis
986 3061 1095 3134 quem
1111 3035 1258 3109 destinet
1275 3037 1406 3111 AEolus
1431 3032 1549 3110 antris.

612 3138 700 3212 Non
717 3156 851 3211 metuat
869 3136 926 3209 cui
943 3159 1050 3234 regna
1068 3134 1159 3222 ratis,
1186 3137 1244 3207 cui
1262 3138 1403 3209 tradere
1414 3137 1562 3209 emtum.-

414 3284 582 3384 Denique
608 3310 739 3360 navem
762 3284 872 3384 ipsam
888 3281 1070 3357 fatidicam
1096 3303 1131 3356 et
1159 3283 1313 3361 humana
1342 3307 1433 3358 voce
1459 3284 1629 3367 locutam,
1663 3279 1756 3357 sama
1782 3282 1854 3358 est:
1883 3285 2013 3364 habuit

412 3386 626 3565 iluimffip'nu
640 3395 668 3459 ἀ
684 3420 732 3466 τις
747 3385 878 3465 Δωδώνης
893 3384 984 3477 spuit,
1002 3382 1184 3460 carinam«)²
1198 3382 1394 3459 Dodonide
1410 3407 1544 3484 quercu
1556 3415 1574 3472 ι
1586 3380 1685 3459 aiunt
1698 3383 1793 3458 eninr
1809 3385 2011 3479 Junonem,

448 3509 475 3560 ιι
549 3509 706 3563 inerrans

713 3662 863 3691 -·-·
880 3624 997 3718 Caeso,
1017 3625 1155 3703 monitu
1173 3627 1288 3724 jovis,
1305 3652 1437 3726 augure
1454 3627 1554 3721 luco,

615 3728 756 3803 Arbore
771 3722 927 3824 praesag&
946 3730 1087 3802 tabulas
1106 3729 1271 3803 animasse
1295 3729 1474 3828 loquaces.

415 3882 526 3957 Unde
542 3901 577 3953 et
597 3861 763 3953 Ciceroni
780 3874 944 3950 divinum
969 3880 1257 3975 Argonautarum
1275 3878 1477 3953 vehiculum
1503 3875 1642 3951 dicitur.
1695 3876 1831 3952 Itineris
1860 3903 2006 3978 quoque

415 3979 604 4068 stadiastni,
638 3998 672 4050 et
698 3976 814 4051 cursus
847 3976 893 4049 ita
922 3977 1084 4050 accurati:
1114 3980 1134 4051 s
1165 3978 1277 4076 poe‘tis
1308 3978 1441 4075 proditi
1463 3976 1555 4065 sunt,
1581 4000 1748 4075 tanquam
1778 3979 1931 4077 singulos
1956 4005 2005 4056 ex

312 4139 319 4148 .
414 4081 572 4182 ipsorum
589 4075 709 4152 diariis
725 4077 987 4175 expreffissent3
1015 4102 1077 4175 per
1094 4103 1175 4175 quae
1188 4078 1313 4166 maria,
1327 4077 1460 4176 quibus
1476 4077 1589 4153 ventis
1606 4076 1835 4164 cucurrerint,
1850 4104 1930 4176 quae
1947 4080 2003 4151 lit·

414 4204 492 4257 tora
506 4178 723 4281 praetervesli
751 4180 829 4266 sint,
856 4201 946 4273 quos
964 4198 1084 4272 portus
1101 4176 1272 4266 intrarint,
1298 4201 1381 4274 quae
1397 4176 1485 4252 freta
1500 4175 1701 4264 transierint,
1727 4200 1805 4273 quae
1835 4203 2008 4273 promon-

414 4282 504 4360 toria
532 4304 567 4354 et
595 4301 833 4377 quorumnam
863 4276 1053 4350 fluviorum
1081 4276 1167 4351 ostia
1183 4278 1560 4378 praeternavigaverint,
1585 4278 1629 4349 ad
1649 4300 1736 4373 quas
1754 4296 1874 4376 gentes
1891 4299 1926 4351 et
1943 4304 2004 4355 na.-

415 4382 529 4456 tiones
546 4378 760 4470 accesserint,
787 4377 1096 4475 quemadmodum
1115 4377 1150 4454 in
1169 4380 1336 4455 ultimum
1354 4377 1488 4454 Euxini
1513 4376 1619 4449 Ponti
1643 4377 1817 4478 angulum
1845 4400 2004 4477 penetra·

416 4501 544 4566 rerrnt,

615 4633 639 4707 it
654 4633 760 4721 Φείσιι,
787 4634 857 4704 ἔνθα
874 4632 967 4703 saurir
983 4632 1117 4725 ’ίσχιῦθθ
1133 4632 1261 4724 δρόμθι.

416 4779 581 4875 Denique
598 4777 783 4872 quomodo
799 4777 845 4849 ad
865 4773 1010 4848 Eridani
1028 4774 1111 4847 oslia
1132 4775 1168 4848 in
1187 4776 1303 4849 Peuce
1323 4771 1432 4850 inula
1448 4774 1483 4845 in
1501 4772 1613 4848 reditu
1630 4774 1898 4871 hyemaverint3
1926 4779 2005 4853 reli·

415 4905 488 4981 qua
504 4876 631 4951 lubens
644 4875 762 4948 mitto.
790 4876 838 4947 Et
855 4872 915 4948 ista
926 4875 1072 4971 quidem
1089 4874 1255 4948 hasiends
1269 4879 1412 4966 πψπλέι
1426 4873 1560 4947 Euxini
1578 4875 1682 4948 Ponti
1696 4873 1802 4948 nobis
1813 4876 2005 4952 universim

412 4984 466 5056 ob
484 4977 607 5051 oculos
637 4993 786 5071 ponunt,
812 4994 848 5047 et
869 4977 1014 5047 heroum
1043 4974 1152 5048 duros
1180 4975 1316 5048 labores
1342 4998 1436 5072 quos
1464 4973 1499 5046 in
1528 4972 1595 5047 hate
1611 4974 1837 5072 expeditione
1855 4980 2005 5070 pertule-

417 5098 525 5162 mnt3
551 5099 629 5172 quae
647 5092 765 5145 autern
785 5073 864 5147 linis
881 5072 970 5146 adeo
985 5073 1136 5149 difficilis
1151 5072 1390 5170 expeditionis
1405 5070 1526 5162 suerit,
1551 5097 1598 5147 ex
1626 5073 1743 5147 Plinio
1770 5070 1872 5147 sicil&
1900 5074 2013 5150 intel·-

416 5183 532 5278 liges;
557 5176 586 5247 is
603 5174 700 5247 enim
718 5173 795 5246 libri
814 5174 905 5247 tertii
930 5194 964 5248 et
987 5172 1153 5273 trigesmi
1177 5174 1290 5272 capite
1306 5174 1411 5248 tertio
1427 5196 1485 5247 eas
1502 5196 1579 5245 oras
1600 5172 1673 5247 auti
1690 5171 1818 5247 feraces
1834 5176 2003 5270 prodidit.

413 5282 516 5380 Jam,
541 5270 669 5372 inquit,
696 5296 901 5373 regnaverat
918 5274 954 5347 in
971 5273 1115 5348 Colchis
1132 5275 1295 5347 Salauces
1315 5293 1349 5346 et
1366 5274 1554 5371 Esbopes,
1575 5271 1644 5370 qui
1656 5273 1805 5348 Terram
1825 5272 2011 5372 virginem.

407 5380 553 5467 'ussus
571 5373 766 5475 plurimum
783 5374 921 5475 argenti
934 5374 1083 5475 aurique
1096 5371 1221 5449 eruisse
1237 5371 1367 5450 dicitur
1381 5374 1420 5449 in
1438 5375 1637 5449 Suanorum
1654 5394 1776 5471 geute,
1789 5393 1825 5449 et
1840 5374 2004 5546 apioquln

1060 5493 1063 5498 ’
1816 5497 1860 5550 ue
1874 5476 2008 5555 letibus
