4817 6659
453 759 521 852 πῄ
861 773 1629 830 aennvotottcrutn

449 948 544 1025 suam
575 951 704 1026 lineam
732 951 961 1026 meridianam
992 953 1132 1049 spectet.
1194 953 1460 1051 Sagacislimum
1489 974 1623 1026 naturae
1650 947 1800 1047 mystem
1826 973 1911 1025 euru
1940 950 2043 1027 suiffe

446 1073 599 1149 oportet,
627 1050 725 1147 cujus
751 1051 859 1147 operti
880 1075 916 1125 et
947 1053 1115 1126 industris
1142 1053 1230 1127 illud
1264 1054 1421 1150 primum
1450 1051 1737 1127 &secretioribus
1765 1072 1900 1124 naturae
1928 1053 2044 1144 adytis

447 1172 587 1223 erutum
606 1172 639 1223 et
667 1150 912 1248 investigatum
933 1155 984 1224 stt.
1039 1157 1208 1226 Attamen
1227 1153 1314 1225 tanti
1344 1153 1477 1225 inventi
1505 1153 1619 1251 gloria
1634 1155 1735 1225 nullo
1752 1152 1856 1224 titulo
1876 1150 2042 1250 lingulati

448 1250 714 1332 circumsertur3
741 1276 822 1321 curu
844 1252 1068 1324 minimarum
1095 1274 1130 1324 et
1152 1254 1390 1324 vilisstmarum
1414 1277 1531 1325 rerum
1565 1253 1765 1325 inventores
1792 1249 1869 1325 suos
1890 1256 2043 1326 habeant

442 1350 583 1434 titulos,
610 1349 667 1421 sua
685 1349 841 1438 nomina,
862 1352 928 1424 trac
946 1375 1061 1423 autem
1081 1352 1115 1424 in
1137 1376 1171 1422 re
1192 1353 1283 1426 adeo
1300 1350 1434 1440 illustri,
1461 1354 1516 1426 vel
1543 1350 1617 1423 solo
1634 1352 1748 1450 gentis
1764 1351 1868 1423 titulo
1885 1353 2042 1426 contenti

450 1451 553 1522 simus
575 1471 727 1546 oportet.
780 1451 826 1521 lit
843 1453 1147 1546 quemadmodum
1177 1451 1267 1524 olim
1285 1449 1472 1524 Phoenices
1494 1451 1686 1524 audiebant
1703 1452 1896 1524 multarum
1923 1477 2043 1526 renim

451 1551 661 1637 inventores,
694 1547 790 1633 coeli,
827 1551 991 1634 siderum,
1031 1548 1278 1645 navigationis,
1316 1550 1578 1647 multarumque
1607 1551 1756 1623 aliarum
1785 1552 1939 1625 artium:
1980 1551 2042 1624 ubi

450 1670 567 1720 tamen
588 1673 657 1720 non
676 1647 824 1733 homini,
852 1648 906 1720 sed
926 1650 1021 1747 genti
1040 1676 1080 1722 ea
1097 1649 1210 1745 gloria
1225 1643 1456 1724 adscribitur:
1485 1650 1580 1721 idem
1607 1650 1668 1723 bic
1692 1649 1753 1722 usu
1780 1651 1886 1736 veuit,
1912 1673 2043 1724 utnon

453 1748 546 1843 quis,
576 1750 631 1820 sed
652 1746 721 1844 qual
739 1750 892 1844 egente,
916 1751 1037 1821 audior
1055 1772 1089 1822 et
1107 1752 1265 1822 inventor
1287 1749 1376 1824 adeo
1398 1750 1530 1822 divina·
1556 1748 1606 1821 rei
1623 1748 1803 1831 exstiterit,
1827 1751 1933 1823 nobis
1948 1751 2043 1822 dun·
2064 1739 2110 1840 js

451 1851 544 1919 taxat
563 1848 708 1921 constet.
755 1847 824 1916 Vix
843 1849 924 1922 anni
943 1848 1191 1943 quadringenti
1212 1848 1304 1934 sunt,
1331 1874 1376 1920 ex
1402 1874 1475 1945 quo
1500 1850 1591 1922 adeo
1610 1848 1842 1923 memorabile
1857 1870 1893 1922 et
1911 1849 2074 1964 madrig

448 1947 515 2018 tnis
532 1947 713 2020 itineribus
730 1969 971 2042 opportunum
990 1948 1172 2020 inventum
1189 1971 1346 2034 erutum,
1372 1970 1408 2019 et
1435 1949 1470 2019 in
1489 1948 1607 2020 lucem
1635 1949 1812 2044 prolatum
1838 1951 1889 2020 srt.
1940 1953 2065 2023 Λεὼ·

448 2045 543 2118 enirn
576 2043 744 2145 pyxidula'r
774 2046 938 2134 coiecita,
976 2046 1037 2118 suo
1065 2047 1132 2120 sese
1160 2048 1313 2142 imperio
1341 2068 1377 2119 et
1406 2047 1517 2120 dudo
1548 2047 1582 2116 in
1609 2049 1757 2120 eandem
1786 2049 1925 2145 plagam
1951 2043 2075 2130 ὢν·

449 2147 576 2218 stanter
609 2149 736 2219 uertit:
775 2166 812 2215 ut
842 2146 903 2217 vix
935 2144 1012 2217 ullis
1039 2169 1100 2219 aut
1130 2145 1223 2234 solis,
1255 2169 1314 2218 aut
1339 2148 1502 2229 fiderunt,
1529 2144 1830 2219 observationibus
1860 2151 1899 2219 fit
1925 2171 2078 2248 opust..

447 2246 534 2342 quin
554 2245 644 2318 aded
662 2247 708 2317 ita
736 2244 861 2315 mundi
880 2248 994 2342 plagae
1024 2248 1137 2318 multo
1166 2246 1363 2319 accuratius
1392 2244 1656 2343 investigantur,
1683 2247 1772 2318 dum
1800 2247 1927 2333 solam,
1977 2241 2045 2320 'rti-
2068 2273 2110 2328 ,;·

445 2346 570 2417 dolam
588 2370 667 2442 quae
687 2362 767 2418 ante
785 2347 893 2440 pedes
912 2345 971 2432 esl,
999 2344 1192 2418 identidem
1212 2345 1419 2443 inspeslant,
1446 2344 1590 2444 ejusque
1614 2347 1765 2419 dudum
1790 2371 1892 2419 accur
1959 2347 2046 2420 'ub-
2078 2339 2096 2370 ⁷

446 2444 595 2518 servant.
2043 2463 2069 2478 ·'

1916 2561 1937 2610 ,τ
1958 2543 1967 2598 ἶ
2005 2557 2031 2640 f·
2082 2559 2088 2568 ·

750 2639 893 2660 --
907 2599 1040 2670 Necte
1058 2597 1210 2691 spectare
1226 2599 1394 2687 Bo-oten,
1892 2631 1916 2704 -ἰ
1933 2633 1950 2669 ·.
1970 2637 1997 2696 .··‘
2012 2633 2051 2702 ὦ
2079 2631 2085 2642 .

642 2702 719 2770 Aut
744 2700 894 2772 Helicen
908 2697 1034 2795 jubeo,
1061 2697 1289 2794 strislt'rmque
1308 2698 1452 2772 Orionis
1469 2695 1599 2769 ensem.

643 2798 729 2869 Haic
752 2799 843 2872 duce
866 2822 972 2893 carpe
989 2797 1251 2869 triam.---
1911 2813 2021 2932 {H

444 2941 567 3043 Hujus
585 2942 680 3019 enim
697 2945 827 3019 fiducia
845 2949 922 3020 ltali
942 2944 1113 3042 primum,
1142 2947 1224 3019 inde
1253 2944 1357 3019 etiam
1389 2941 1556 3041 Hispani,
1583 2961 1726 3016 externa
1756 2941 1865 3014 maria
1895 2927 2047 3036 tellure,

440 3067 547 3143 atque
566 3044 693 3119 insulas
708 3047 869 3119 Canarias
893 3046 928 3119 in
951 3049 1111 3131 Ocean0,
1139 3047 1232 3119 baud
1259 3046 1365 3144 longe
1393 3047 1440 3117 ab
1462 3042 1634 3116 Africano
1662 3042 1779 3114 littore
1806 3041 2046 3128 diffitasflie·
2086 3043 2106 3090 '·

444 3144 608 3244 quentiirs
639 3146 736 3219 adire
765 3146 1008 3219 instituerunt:
1048 3170 1130 3217 cum
1165 3145 1245 3244 ipsu
1275 3142 1449 3242 perpetuo
1474 3144 1510 3215 in
1539 3143 1716 3225 manibus,
1752 3161 1787 3213 et
1814 3164 1894 3217 ante
1965 3147 2060 3226 ‚alosa
2080 3143 2109 3226 ’,ζ

442 3245 636 3319 versaretur
660 3270 797 3336 norma,
838 3246 1030 3319 secundum
1060 3269 1168 3340 quam
1198 3247 1320 3316 curslls
1348 3245 1468 3342 plagas
1497 3265 1617 3336 regere
1650 3242 1809 3337 pollent3
1861 3265 1884 3314 n
1940 3335 1943 3340 Ι
1983 3245 2064 3342 ,ἰφ
2099 3293 2110 3312 -.

442 3342 558 3419 sotum
583 3348 628 3417 ad
655 3364 830 3433 tetrantes,
858 3343 916 3417 sed
943 3347 1099 3416 ouantes
1128 3369 1286 3440 quoque,
1320 3363 1355 3414 et
1384 3343 1468 3413 alias
1497 3342 1651 3414 minores
1678 3340 1884 3439 peripheria
1910 3333 2105 3441 paim-Y,

444 3446 554 3539 Qrod
572 3447 618 3515 ab
637 3468 679 3515 eo
697 3466 858 3540 tempore
886 3443 1034 3515 factitari
1052 3462 1228 3539 coeptum,
1251 3442 1433 3539 quousque
1451 3439 1663 3537 processerit,
1689 3441 1783 3514 baud
1807 3442 1911 3515 facile
1937 3433 2044 3517 dixe'·
2102 3447 2110 3462 “

260 3603 291 3665 N
369 3604 389 3663 h
443 3546 522 3615 rim.
574 3541 672 3615 lstud
706 3544 851 3640 quidem
882 3543 1060 3616 memoriae
1087 3542 1266 3638 proditum
1296 3542 1357 3629 est,
1385 3542 1617 3616 Navarcbum
1644 3541 1748 3614 illum
1778 3540 1896 3638 (cujus
1920 3561 2041 3617 tamen

221 3624 576 3761 quidlnnlccultismfflffl
596 3668 668 3715 non
686 3642 800 3742 magis
829 3641 945 3731 scitur,
973 3646 1082 3738 quarn
1112 3643 1220 3729 illius,
1246 3644 1308 3740 qui
1338 3642 1500 3717 omnium
1518 3640 1650 3739 primus
1681 3641 1717 3713 in
1743 3664 1846 3715 acum
1864 3644 2046 3723 nauticam

221 3781 323 3818 nomen
343 3761 424 3840 igno·
445 3742 616 3841 magnetis
635 3743 707 3815 vim
727 3741 911 3816 versutiam
931 3743 1172 3817 transfundere
1189 3743 1330 3836 docuit)
1361 3741 1423 3839 qui
1453 3742 1585 3839 primus
1609 3741 1812 3813 mortalium
1843 3742 1930 3814 ultra
1955 3744 2044 3814 Ma·

222 3838 316 3929 ¹²J¹¹¹l
337 3839 415 3897 ’ΜΒ
444 3844 579 3932 deram,
606 3842 642 3915 in
671 3846 870 3942 opposrtum
905 3844 1078 3917 Americae
1105 3844 1214 3931 littus,
1241 3846 1313 3915 sive
1339 3842 1468 3929 studio,
1494 3844 1563 3914 stre
1588 3841 1667 3913 casu
1697 3839 1777 3912 satis
1805 3842 1852 3912 ita
1880 3843 2043 3916 ducenti-

222 3916 413 4053 gfflssssbffi‘
448 3945 525 4030 bus,
555 3941 799 4037 penetrat-erit,
822 3942 936 4038 ejt'rsce
956 3942 1002 4015 rei
1033 3945 1276 4016 adumbratam
1296 3943 1473 4042 quandam
1492 3940 1732 4040 cognitionem
1752 3941 1921 4014 habuisse.
1963 3942 2043 4016 Hie

222 4073 250 4130 in
267 4036 410 4132 Antenori
445 4041 539 4114 enim
568 4041 587 4111 ἃ
619 4041 730 4136 prima‘t
760 4040 867 4140 usque
896 4041 1128 4117 adolescentis
1156 4043 1310 4130 diverfis,
1349 4064 1397 4129 et,
1437 4043 1542 4137 prodr
1570 4061 1655 4113 tunc
1684 4061 1844 4137 tempora
1869 4042 2043 4132 ferebant,

223 4150 434 4211 littursecundo
447 4141 665 4238 longinquis,
684 4142 966 4238 navigationibus
983 4143 1168 4231 exercitus,
1195 4139 1232 4214 in
1252 4141 1451 4216 Americam
1469 4141 1624 4212 secundo
1642 4161 1752 4213 vento
1768 4141 1902 4213 delatus
1918 4169 1928 4224 ;
1956 4141 2048 4221 inde

223 4245 307 4287 '‘¹¹¹“
325 4231 362 4289 ‘st
387 4232 608 4314 de·cor.t·erso
640 4243 736 4314 cursu
769 4244 804 4315 in
833 4244 1020 4316 Maderam
1045 4241 1124 4315 navi
1149 4245 1308 4339 appulsa,
1336 4239 1502 4339 plusculis
1530 4236 1713 4313 &suorum
1736 4264 1888 4312 numero
1905 4241 2043 4313 defide-

221 4308 304 4370 Μ’·
446 4341 551 4413 ratis:
581 4341 653 4434 ipse
671 4342 814 4437 quidem
846 4344 972 4430 redux,
1000 4341 1057 4414 sed
1083 4341 1173 4414 adeb
1198 4343 1308 4437 longo
1338 4341 1459 4412 itinere
1486 4338 1665 4435 fatigatus,
1691 4363 1724 4412 et
1751 4340 1872 4412 labore
1893 4338 2043 4429 stastus,

445 4439 540 4536 apud
571 4440 860 4537 Christoplrorum
888 4442 1125 4527 Columbum,
1151 4441 1292 4512 natione
1317 4441 1505 4537 Ligurem,
1534 4438 1593 4534 qui
1619 4458 1695 4510 tum
1726 4440 1801 4512 illic
1828 4439 1954 4512 chartis
1974 4442 2040 4536 hy·

445 4540 690 4639 drogrrplricis
723 4539 942 4612 delineandis
977 4539 1088 4611 tritam
1121 4542 1306 4627 tolerabat,
1344 4539 1544 4633 expiravit;
1583 4537 1803 4612 lineamentis
1834 4539 1964 4610 itineris
1994 4565 2045 4612 ert

449 4643 590 4723 nessae,
627 4662 659 4710 et
696 4642 861 4737 parallelo
893 4635 964 4711 loci
997 4639 1058 4735 ipsr
1094 4638 1261 4712 indicato.
1326 4638 1420 4710 Haec
1452 4638 1679 4710 incitamento
1714 4639 1830 4735 poslei
1859 4640 2050 4711 Columbo

448 4738 558 4818 suste,
587 4761 625 4811 ut
644 4761 740 4811 tanto
758 4740 886 4827 studio,
914 4738 1076 4810 manibus
1100 4738 1318 4834 pedibusque
1334 4738 1468 4810 obnixe
1485 4762 1563 4810 eam
1586 4739 1852 4834 expeditionem
1874 4757 2011 4835 urgeret
2028 4770 2051 4825 ς,

448 4863 488 4914 ut
518 4839 601 4909 niltil
632 4866 703 4913 non
729 4838 900 4921 moverim
928 4859 962 4912 et
991 4839 1086 4936 apud
1115 4839 1262 4951 Ligures
1290 4836 1367 4910 suos
1396 4839 1623 4923 Genuenses;
1651 4861 1686 4909 et
1713 4839 1808 4932 apud
1839 4838 2042 4913 Henricuut

449 4939 635 5036 septimum
668 4939 832 5036 elngl?ae;
861 4937 1085 5037 Alplronl'um
1115 4960 1280 5034 quintum
1305 4937 1522 5023 Lusrtaniae3
1561 4937 1826 5010 Ferdiuartdum
1853 4960 1886 5009 et
1913 4935 2046 5011 lsabel-

452 5043 518 5108 lazu
538 5036 686 5110 Castiliae
707 5066 829 5135 r‹·ges;
856 5041 971 5111 donec
1001 5040 1158 5125 tandem,
1185 5037 1353 5136 proposui
1375 5039 1618 5126 tenacissimus,
1644 5040 1738 5132 apud
1764 5025 1915 5109 Calliliae
1942 5061 2045 5136 reges

452 5139 523 5209 tori
544 5163 689 5234 compos
707 5138 829 5225 laetus,
855 5141 983 5210 Terras
1008 5139 1098 5226 illas,
1118 5157 1216 5210 tanto
1234 5160 1394 5232 tempore
1418 5137 1538 5210 nostro
1552 5137 1630 5210 orbi
1649 5137 1801 5233 ignotas,
1819 5137 1954 5234 primus
1978 5140 2042 5209 de·

451 5241 551 5323 texit,
571 5257 604 5306 et
621 5261 704 5328 opes
722 5237 919 5322 immensas,
939 5237 1070 5309 miseris
1086 5258 1121 5309 et
1140 5236 1359 5333 pacatiffimis
1376 5236 1443 5308 illis
1461 5236 1668 5309 mortalibus
1685 5257 1832 5334 ereptas,
1852 5237 1888 5308 in
1907 5236 2041 5330 Hispa·

449 5339 542 5413 niam
562 5335 691 5410 intulit.
743 5338 905 5433 Sed'pari
932 5337 1033 5433 plane
1062 5359 1146 5409 cum
1169 5335 1268 5410 sociis
1281 5335 1348 5408 suis
1364 5333 1437 5410 sato
1454 5335 1547 5425 usus,
1574 5359 1647 5434 quo
1664 5336 1897 5438 Argonautae,
1916 5335 1935 5405 ὲ
1953 5336 2042 5409 Col·

450 5440 552 5512 clude
582 5437 701 5533 opima
718 5436 825 5532 spolia
844 5435 1045 5526 reserentes²
1059 5433 1215 5510 defundi
1232 5435 1329 5512 sunt.
1869 5529 1966 5621 Οἱ(
2012 5531 2019 5545 .

1909 5559 1930 5606 u
1959 5555 2040 5634 qurs
