<?xml version="1.0" encoding="UTF-8"?>
<!DOCTYPE html PUBLIC "-//W3C//DTD XHTML 1.0 Transitional//EN"
    "http://www.w3.org/TR/xhtml1/DTD/xhtml1-transitional.dtd">
<html xmlns="http://www.w3.org/1999/xhtml" xml:lang="en" lang="en">
 <head>
  <title>
</title>
<meta http-equiv="Content-Type" content="text/html;charset=utf-8" />
  <meta name='ocr-system' content='tesseract 3.04.00' />
  <meta name='ocr-capabilities' content='ocr_page ocr_carea ocr_par ocr_line ocrx_word'/>
</head>
<body>
  <div class='ocr_page' id='page_1' title='image "./tiphysbatavussi00snelgoog_0043.png"; bbox 0 0 4817 6659; ppageno 0'>
   <div class='ocr_carea' id='block_1_1' title="bbox 1760 727 4016 841">
    <p class='ocr_par' dir='ltr' id='par_1_1' title="bbox 1760 727 4016 841">
     <span class='ocr_line' id='line_1_1' title="bbox 1760 727 4016 841; baseline 0.003 -33"><span class='ocrx_word' id='word_1_1' title='bbox 1760 756 2070 814; x_wconf 69' lang='lat' dir='ltr'>viru.</span> <span class='ocrx_word' id='word_1_2' title='bbox 2183 727 2620 812; x_wconf 53' lang='lat' dir='ltr'>nam-av.</span> <span class='ocrx_word' id='word_1_3' title='bbox 2726 754 2958 806; x_wconf 74' lang='grc' dir='ltr'>ιιιι.</span> <span class='ocrx_word' id='word_1_4' title='bbox 3045 760 3101 810; x_wconf 85' lang='grc' dir='ltr'>ι.</span> <span class='ocrx_word' id='word_1_5' title='bbox 3882 763 4016 841; x_wconf 81' lang='lat'>¹53</span> 
     </span>
    </p>
   </div>
   <div class='ocr_carea' id='block_1_2' title="bbox 833 936 4008 1455">
    <p class='ocr_par' dir='ltr' id='par_1_2' title="bbox 833 936 4008 1433">
     <span class='ocr_line' id='line_1_2' title="bbox 841 936 4004 1038; baseline 0 -22"><span class='ocrx_word' id='word_1_6' title='bbox 841 945 1018 1025; x_wconf 82' lang='lat' dir='ltr'>l’um,</span> <span class='ocrx_word' id='word_1_7' title='bbox 1074 961 1144 1014; x_wconf 87' lang='lat' dir='ltr'>et</span> <span class='ocrx_word' id='word_1_8' title='bbox 1202 940 1474 1036; x_wconf 85' lang='lat' dir='ltr'>semper</span> <span class='ocrx_word' id='word_1_9' title='bbox 1525 942 1830 1015; x_wconf 88' lang='lat' dir='ltr'>eundem</span> <span class='ocrx_word' id='word_1_10' title='bbox 1881 963 2045 1014; x_wconf 91' lang='lat' dir='ltr'>cum</span> <span class='ocrx_word' id='word_1_11' title='bbox 2105 940 2438 1015; x_wconf 85' lang='lat' dir='ltr'>omnibus</span> <span class='ocrx_word' id='word_1_12' title='bbox 2489 939 2890 1016; x_wconf 80' lang='lat' dir='ltr'>meridianis</span> <span class='ocrx_word' id='word_1_13' title='bbox 2947 964 3127 1036; x_wconf 90' lang='lat' dir='ltr'>quos</span> <span class='ocrx_word' id='word_1_14' title='bbox 3183 936 3365 1011; x_wconf 88' lang='lat' dir='ltr'>secat</span> <span class='ocrx_word' id='word_1_15' title='bbox 3422 942 4004 1038; x_wconf 86' lang='lat' dir='ltr'>comprehendit:</span> 
     </span>
     <span class='ocr_line' id='line_1_3' title="bbox 838 1037 4008 1151; baseline 0.001 -38"><span class='ocrx_word' id='word_1_16' title='bbox 838 1060 997 1114; x_wconf 83' lang='lat' dir='ltr'>tum</span> <span class='ocrx_word' id='word_1_17' title='bbox 1035 1041 1360 1139; x_wconf 89' lang='lat' dir='ltr'>quidem,</span> <span class='ocrx_word' id='word_1_18' title='bbox 1410 1041 1752 1151; x_wconf 34' lang='lat' dir='ltr'>quam-diu</span> <span class='ocrx_word' id='word_1_19' title='bbox 1787 1041 1995 1113; x_wconf 84' lang='lat' dir='ltr'>istum</span> <span class='ocrx_word' id='word_1_20' title='bbox 2054 1041 2324 1115; x_wconf 85' lang='lat' dir='ltr'>tenebit</span> <span class='ocrx_word' id='word_1_21' title='bbox 2358 1041 2665 1125; x_wconf 89' lang='lat' dir='ltr'>cursum,</span> <span class='ocrx_word' id='word_1_22' title='bbox 2718 1042 3018 1113; x_wconf 82' lang='lat' dir='ltr'>helicem</span> <span class='ocrx_word' id='word_1_23' title='bbox 3058 1040 3312 1112; x_wconf 88' lang='lat' dir='ltr'>lineam</span> <span class='ocrx_word' id='word_1_24' title='bbox 3350 1037 3715 1129; x_wconf 87' lang='lat' dir='ltr'>describet,</span> <span class='ocrx_word' id='word_1_25' title='bbox 3766 1044 4008 1139; x_wconf 84' lang='lat' dir='ltr'>quales</span> 
     </span>
     <span class='ocr_line' id='line_1_4' title="bbox 835 1138 4008 1256; baseline 0 -45"><span class='ocrx_word' id='word_1_26' title='bbox 835 1139 977 1214; x_wconf 81' lang='lat' dir='ltr'>istae</span> <span class='ocrx_word' id='word_1_27' title='bbox 1011 1140 1196 1229; x_wconf 86' lang='lat' dir='ltr'>sunt,</span> <span class='ocrx_word' id='word_1_28' title='bbox 1253 1163 1436 1256; x_wconf 79' lang='lat' dir='ltr'>quas</span> <span class='ocrx_word' id='word_1_29' title='bbox 1461 1138 1631 1211; x_wconf 79' lang='lat' dir='ltr'>hle</span> <span class='ocrx_word' id='word_1_30' title='bbox 1615 1162 1682 1208; x_wconf 82' lang='lat' dir='ltr'>in</span> <span class='ocrx_word' id='word_1_31' title='bbox 1724 1142 1962 1234; x_wconf 82' lang='lat' dir='ltr'>plano,</span> <span class='ocrx_word' id='word_1_32' title='bbox 1999 1141 2089 1211; x_wconf 86' lang='lat' dir='ltr'>ad</span> <span class='ocrx_word' id='word_1_33' title='bbox 2123 1163 2277 1212; x_wconf 90' lang='lat' dir='ltr'>eam</span> <span class='ocrx_word' id='word_1_34' title='bbox 2309 1139 2688 1214; x_wconf 87' lang='lat' dir='ltr'>formulam</span> <span class='ocrx_word' id='word_1_35' title='bbox 2726 1161 2801 1211; x_wconf 92' lang='lat' dir='ltr'>ut</span> <span class='ocrx_word' id='word_1_36' title='bbox 2836 1138 3164 1233; x_wconf 71' lang='lat' dir='ltr'>proxime</span> <span class='ocrx_word' id='word_1_37' title='bbox 3199 1140 3700 1233; x_wconf 73' lang='lat' dir='ltr'>expressimus,</span> <span class='ocrx_word' id='word_1_38' title='bbox 3752 1166 4008 1237; x_wconf 84' lang='lat' dir='ltr'>nempe</span> 
     </span>
     <span class='ocr_line' id='line_1_5' title="bbox 834 1236 4005 1359; baseline 0 -48"><span class='ocrx_word' id='word_1_39' title='bbox 834 1240 1078 1336; x_wconf 76' lang='lat' dir='ltr'>egbd,</span> <span class='ocrx_word' id='word_1_40' title='bbox 1132 1260 1200 1311; x_wconf 91' lang='lat' dir='ltr'>et</span> <span class='ocrx_word' id='word_1_41' title='bbox 1258 1242 1500 1321; x_wconf 65' lang='lat' dir='ltr'>cion-3</span> <span class='ocrx_word' id='word_1_42' title='bbox 1556 1238 1686 1311; x_wconf 77' lang='lat' dir='ltr'>ubi</span> <span class='ocrx_word' id='word_1_43' title='bbox 1734 1238 2011 1336; x_wconf 80' lang='lat' dir='ltr'>equb</span> <span class='ocrx_word' id='word_1_44' title='bbox 2061 1238 2628 1359; x_wconf 66' lang='lat' dir='ltr'>aequinoCtialem</span> <span class='ocrx_word' id='word_1_45' title='bbox 2677 1236 2964 1324; x_wconf 90' lang='lat' dir='ltr'>lineam,</span> <span class='ocrx_word' id='word_1_46' title='bbox 3019 1258 3088 1310; x_wconf 87' lang='lat' dir='ltr'>et</span> <span class='ocrx_word' id='word_1_47' title='bbox 3136 1261 3180 1308; x_wconf 86' lang='lat' dir='ltr'>a</span> <span class='ocrx_word' id='word_1_48' title='bbox 3217 1257 3419 1308; x_wconf 81' lang='lat' dir='ltr'>terrae</span> <span class='ocrx_word' id='word_1_49' title='bbox 3458 1240 3701 1349; x_wconf 78' lang='lat' dir='ltr'>polum</span> <span class='ocrx_word' id='word_1_50' title='bbox 3761 1262 4005 1325; x_wconf 71' lang='lat' dir='ltr'>notatg</span> 
     </span>
     <span class='ocr_line' id='line_1_6' title="bbox 833 1334 4006 1455; baseline 0.001 -45"><span class='ocrx_word' id='word_1_51' title='bbox 833 1337 1316 1411; x_wconf 83' lang='lat' dir='ltr'>mechanicam</span> <span class='ocrx_word' id='word_1_52' title='bbox 1354 1334 1529 1433; x_wconf 82' lang='lat' dir='ltr'>ejus,</span> <span class='ocrx_word' id='word_1_53' title='bbox 1564 1339 1711 1409; x_wconf 67' lang='lat' dir='ltr'>tam</span> <span class='ocrx_word' id='word_1_54' title='bbox 1749 1362 1817 1410; x_wconf 83' lang='lat' dir='ltr'>in</span> <span class='ocrx_word' id='word_1_55' title='bbox 1852 1338 2072 1433; x_wconf 88' lang='lat' dir='ltr'>globo</span> <span class='ocrx_word' id='word_1_56' title='bbox 2127 1362 2338 1455; x_wconf 87' lang='lat' dir='ltr'>quam</span> <span class='ocrx_word' id='word_1_57' title='bbox 2393 1363 2467 1410; x_wconf 80' lang='lat' dir='ltr'>in</span> <span class='ocrx_word' id='word_1_58' title='bbox 2507 1339 2744 1432; x_wconf 91' lang='lat' dir='ltr'>plan0,</span> <span class='ocrx_word' id='word_1_59' title='bbox 2793 1337 3191 1409; x_wconf 82' lang='lat' dir='ltr'>delineandi</span> <span class='ocrx_word' id='word_1_60' title='bbox 3239 1334 3581 1407; x_wconf 88' lang='lat' dir='ltr'>rationem</span> <span class='ocrx_word' id='word_1_61' title='bbox 3642 1337 3712 1408; x_wconf 89' lang='lat' dir='ltr'>in</span> <span class='ocrx_word' id='word_1_62' title='bbox 3760 1337 4006 1413; x_wconf 86' lang='lat' dir='ltr'>scholis</span> 
     </span>
    </p>
   </div>
   <div class='ocr_carea' id='block_1_3' title="bbox 831 1432 4004 1537">
    <p class='ocr_par' dir='ltr' id='par_1_3' title="bbox 831 1432 4119 1537">
     <span class='ocr_line' id='line_1_7' title="bbox 831 1432 4004 1537; baseline -0.002 -30"><span class='ocrx_word' id='word_1_63' title='bbox 831 1436 1112 1509; x_wconf 58' lang='lat' dir='ltr'>dicturi.</span> <span class='ocrx_word' id='word_1_64' title='bbox 1219 1437 1434 1509; x_wconf 90' lang='lat' dir='ltr'>Hanc</span> <span class='ocrx_word' id='word_1_65' title='bbox 1470 1457 1705 1509; x_wconf 87' lang='lat' dir='ltr'>autem</span> <span class='ocrx_word' id='word_1_66' title='bbox 1737 1438 1917 1537; x_wconf 63' lang='grc' dir='ltr'>παρὰ</span> <span class='ocrx_word' id='word_1_67' title='bbox 1954 1438 2050 1513; x_wconf 62' lang='grc' dir='ltr'>τῆς</span> <span class='ocrx_word' id='word_1_68' title='bbox 2081 1468 2177 1506; x_wconf 83' lang='grc' dir='ltr'>του</span> <span class='ocrx_word' id='word_1_69' title='bbox 2147 1438 2384 1527; x_wconf 73' lang='grc' dir='ltr'>δρᾶμκ</span> <span class='ocrx_word' id='word_1_70' title='bbox 2417 1436 2796 1523; x_wconf 56' lang='lat' dir='ltr'>midi-nior,</span> <span class='ocrx_word' id='word_1_71' title='bbox 2770 1462 2808 1507; x_wconf 90' lang='lat' dir='ltr'>a</span> <span class='ocrx_word' id='word_1_72' title='bbox 2847 1434 3079 1506; x_wconf 80' lang='lat' dir='ltr'>cursus</span> <span class='ocrx_word' id='word_1_73' title='bbox 3110 1432 3611 1529; x_wconf 89' lang='lat' dir='ltr'>obliquatione,</span> <span class='ocrx_word' id='word_1_74' title='bbox 3643 1440 4004 1531; x_wconf 68' lang='grc' dir='ltr'>λοξοδρομία,</span> 
     </span>
    </p>
   </div>
   <div class='ocr_carea' id='block_1_4' title="bbox 831 1531 4003 1745">
    <p class='ocr_par' dir='ltr' id='par_1_4' title="bbox 831 1531 4003 1728">
     <span class='ocr_line' id='line_1_8' title="bbox 832 1531 4003 1631; baseline 0.001 -25"><span class='ocrx_word' id='word_1_75' title='bbox 832 1559 1013 1608; x_wconf 84' lang='lat' dir='ltr'>voce</span> <span class='ocrx_word' id='word_1_76' title='bbox 1046 1535 1296 1608; x_wconf 85' lang='lat' dir='ltr'>Graeca</span> <span class='ocrx_word' id='word_1_77' title='bbox 1329 1532 1837 1629; x_wconf 84' lang='lat' dir='ltr'>indigitamus;</span> <span class='ocrx_word' id='word_1_78' title='bbox 1892 1533 2014 1629; x_wconf 92' lang='lat' dir='ltr'>qui</span> <span class='ocrx_word' id='word_1_79' title='bbox 2055 1535 2286 1628; x_wconf 72' lang='lat' dir='ltr'>plane,</span> <span class='ocrx_word' id='word_1_80' title='bbox 2342 1554 2424 1606; x_wconf 87' lang='lat' dir='ltr'>ut</span> <span class='ocrx_word' id='word_1_81' title='bbox 2480 1533 2820 1622; x_wconf 83' lang='lat' dir='ltr'>diximus,</span> <span class='ocrx_word' id='word_1_82' title='bbox 2875 1531 3173 1606; x_wconf 84' lang='lat' dir='ltr'>circulus</span> <span class='ocrx_word' id='word_1_83' title='bbox 3207 1533 3340 1603; x_wconf 86' lang='lat' dir='ltr'>effe</span> <span class='ocrx_word' id='word_1_84' title='bbox 3377 1558 3742 1629; x_wconf 80' lang='lat' dir='ltr'>nunquam</span> <span class='ocrx_word' id='word_1_85' title='bbox 3782 1538 4003 1631; x_wconf 87' lang='lat' dir='ltr'>poffit.</span> 
     </span>
     <span class='ocr_line' id='line_1_9' title="bbox 831 1629 4002 1745; baseline 0.001 -41"><span class='ocrx_word' id='word_1_86' title='bbox 831 1634 1025 1716; x_wconf 84' lang='lat' dir='ltr'>Nam</span> <span class='ocrx_word' id='word_1_87' title='bbox 1059 1634 1303 1707; x_wconf 89' lang='lat' dir='ltr'>circuli</span> <span class='ocrx_word' id='word_1_88' title='bbox 1338 1635 1426 1706; x_wconf 91' lang='lat' dir='ltr'>ad</span> <span class='ocrx_word' id='word_1_89' title='bbox 1473 1634 1939 1705; x_wconf 85' lang='lat' dir='ltr'>meridianum</span> <span class='ocrx_word' id='word_1_90' title='bbox 1972 1632 2283 1728; x_wconf 86' lang='lat' dir='ltr'>aliquem</span> <span class='ocrx_word' id='word_1_91' title='bbox 2319 1633 2628 1728; x_wconf 89' lang='lat' dir='ltr'>obliqui,</span> <span class='ocrx_word' id='word_1_92' title='bbox 2686 1634 2822 1705; x_wconf 76' lang='lat' dir='ltr'>sive</span> <span class='ocrx_word' id='word_1_93' title='bbox 2858 1629 3150 1727; x_wconf 85' lang='lat' dir='ltr'>majores</span> <span class='ocrx_word' id='word_1_94' title='bbox 3189 1630 3235 1702; x_wconf 90' lang='lat' dir='ltr'>ii</span> <span class='ocrx_word' id='word_1_95' title='bbox 3291 1634 3443 1717; x_wconf 87' lang='lat' dir='ltr'>fint,</span> <span class='ocrx_word' id='word_1_96' title='bbox 3496 1635 3634 1703; x_wconf 84' lang='lat' dir='ltr'>five</span> <span class='ocrx_word' id='word_1_97' title='bbox 3668 1633 4002 1745; x_wconf 79' lang='lat' dir='ltr'>minores,</span> 
     </span>
    </p>
   </div>
   <div class='ocr_carea' id='block_1_5' title="bbox 829 1728 4002 1830">
    <p class='ocr_par' dir='ltr' id='par_1_5' title="bbox 673 1723 4002 1830">
     <span class='ocr_line' id='line_1_10' title="bbox 829 1728 4002 1830; baseline 0.002 -27.716"><span class='ocrx_word' id='word_1_98' title='bbox 829 1731 1106 1828; x_wconf 83' lang='lat' dir='ltr'>semper</span> <span class='ocrx_word' id='word_1_99' title='bbox 1139 1733 1359 1805; x_wconf 85' lang='lat' dir='ltr'>alium</span> <span class='ocrx_word' id='word_1_100' title='bbox 1394 1753 1605 1827; x_wconf 90' lang='lat' dir='ltr'>atque</span> <span class='ocrx_word' id='word_1_101' title='bbox 1641 1731 1856 1803; x_wconf 87' lang='lat' dir='ltr'>alium</span> <span class='ocrx_word' id='word_1_102' title='bbox 1892 1734 2262 1828; x_wconf 87' lang='lat' dir='ltr'>angulum,</span> <span class='ocrx_word' id='word_1_103' title='bbox 2312 1754 2619 1826; x_wconf 88' lang='lat' dir='ltr'>eumque</span> <span class='ocrx_word' id='word_1_104' title='bbox 2649 1728 2918 1803; x_wconf 85' lang='lat' dir='ltr'>varium</span> <span class='ocrx_word' id='word_1_105' title='bbox 2953 1752 3017 1802; x_wconf 89' lang='lat' dir='ltr'>et</span> <span class='ocrx_word' id='word_1_106' title='bbox 3055 1729 3334 1824; x_wconf 89' lang='lat' dir='ltr'>reliquis</span> <span class='ocrx_word' id='word_1_107' title='bbox 3368 1731 3706 1824; x_wconf 87' lang='lat' dir='ltr'>angulis</span> <span class='ocrx_word' id='word_1_108' title='bbox 3688 1757 4002 1830; x_wconf 82' lang='lat' dir='ltr'>inaequa·</span> 
     </span>
    </p>
   </div>
   <div class='ocr_carea' id='block_1_6' title="bbox 636 1759 816 2216">
    <p class='ocr_par' dir='ltr' id='par_1_6' title="bbox 636 1759 816 2216">
     <span class='ocr_line' id='line_1_11' title="bbox 636 1759 816 2216; baseline 0 -241"><span class='ocrx_word' id='word_1_109' title='bbox 636 1759 816 2216; x_wconf 95' lang='lat' dir='ltr'>   </span> 
     </span>
    </p>
   </div>
   <div class='ocr_carea' id='block_1_7' title="bbox 709 1829 4000 2225">
    <p class='ocr_par' dir='ltr' id='par_1_7' title="bbox 709 1829 4000 2224">
     <span class='ocr_line' id='line_1_12' title="bbox 827 1829 4000 1943; baseline 0 -39"><span class='ocrx_word' id='word_1_110' title='bbox 827 1833 1000 1922; x_wconf 81' lang='lat' dir='ltr'>lem,</span> <span class='ocrx_word' id='word_1_111' title='bbox 1050 1832 1699 1926; x_wconf 79' lang='lat' dir='ltr'>comprehendent3</span> <span class='ocrx_word' id='word_1_112' title='bbox 1756 1830 2368 1943; x_wconf 84' lang='lat' dir='ltr'>quemadmodum</span> <span class='ocrx_word' id='word_1_113' title='bbox 2425 1829 2663 1901; x_wconf 86' lang='lat' dir='ltr'>videre</span> <span class='ocrx_word' id='word_1_114' title='bbox 2720 1829 2816 1901; x_wconf 88' lang='lat' dir='ltr'>est</span> <span class='ocrx_word' id='word_1_115' title='bbox 2874 1830 2947 1901; x_wconf 94' lang='lat' dir='ltr'>in</span> <span class='ocrx_word' id='word_1_116' title='bbox 3006 1830 3336 1926; x_wconf 86' lang='lat' dir='ltr'>ecliptico</span> <span class='ocrx_word' id='word_1_117' title='bbox 3405 1829 3666 1899; x_wconf 86' lang='lat' dir='ltr'>circulo</span> <span class='ocrx_word' id='word_1_118' title='bbox 3725 1836 4000 1905; x_wconf 83' lang='lat' dir='ltr'>coluros</span> 
     </span>
     <span class='ocr_line' id='line_1_13' title="bbox 801 1926 3997 2026; baseline 0 -22"><span class='ocrx_word' id='word_1_119' title='bbox 801 1927 1300 2004; x_wconf 78' lang='lat' dir='ltr'>·intersecante.</span> <span class='ocrx_word' id='word_1_120' title='bbox 1386 1930 1453 2001; x_wconf 91' lang='lat' dir='ltr'>Is</span> <span class='ocrx_word' id='word_1_121' title='bbox 1514 1930 1702 2001; x_wconf 88' lang='lat' dir='ltr'>enim</span> <span class='ocrx_word' id='word_1_122' title='bbox 1765 1930 1835 2000; x_wconf 91' lang='lat' dir='ltr'>in</span> <span class='ocrx_word' id='word_1_123' title='bbox 1895 1931 2262 2002; x_wconf 86' lang='lat' dir='ltr'>communi</span> <span class='ocrx_word' id='word_1_124' title='bbox 2313 1926 2616 2000; x_wconf 62' lang='lat' dir='ltr'>sedtione</span> <span class='ocrx_word' id='word_1_125' title='bbox 2675 1950 2840 2000; x_wconf 89' lang='lat' dir='ltr'>cum</span> <span class='ocrx_word' id='word_1_126' title='bbox 2911 1929 3339 2025; x_wconf 87' lang='lat' dir='ltr'>tropicorum</span> <span class='ocrx_word' id='word_1_127' title='bbox 3401 1928 3643 2000; x_wconf 86' lang='lat' dir='ltr'>coluro</span> <span class='ocrx_word' id='word_1_128' title='bbox 3701 1934 3997 2026; x_wconf 76' lang='lat' dir='ltr'>angulos</span> 
     </span>
     <span class='ocr_line' id='line_1_14' title="bbox 709 2023 3992 2126; baseline 0 -24"><span class='ocrx_word' id='word_1_129' title='bbox 709 2087 732 2102; x_wconf 89' lang='lat'><em>.</em></span> <span class='ocrx_word' id='word_1_130' title='bbox 751 2023 1053 2126; x_wconf 63' lang='grc' dir='ltr'>ἵῖκξιοε</span> <span class='ocrx_word' id='word_1_131' title='bbox 1086 2028 1673 2125; x_wconf 80' lang='lat' dir='ltr'>comprehendit3</span> <span class='ocrx_word' id='word_1_132' title='bbox 1725 2048 1793 2099; x_wconf 80' lang='lat' dir='ltr'>at</span> <span class='ocrx_word' id='word_1_133' title='bbox 1830 2028 2028 2101; x_wconf 69' lang='lat' dir='ltr'>circa</span> <span class='ocrx_word' id='word_1_134' title='bbox 2048 2029 2286 2101; x_wconf 89' lang='lat' dir='ltr'>nodos</span> <span class='ocrx_word' id='word_1_135' title='bbox 2296 2029 2569 2101; x_wconf 87' lang='lat' dir='ltr'>tantum</span> <span class='ocrx_word' id='word_1_136' title='bbox 2604 2028 3209 2122; x_wconf 86' lang='lat' dir='ltr'>complementum</span> <span class='ocrx_word' id='word_1_137' title='bbox 3247 2025 3579 2099; x_wconf 85' lang='lat' dir='ltr'>maximae</span> <span class='ocrx_word' id='word_1_138' title='bbox 3617 2025 3750 2098; x_wconf 82' lang='lat' dir='ltr'>suae</span> <span class='ocrx_word' id='word_1_139' title='bbox 3776 2031 3992 2103; x_wconf 85' lang='lat' dir='ltr'>decli-</span> 
     </span>
     <span class='ocr_line' id='line_1_15' title="bbox 711 2125 3994 2225; baseline 0 -23"><span class='ocrx_word' id='word_1_140' title='bbox 711 2159 720 2168; x_wconf 93' lang='lat'>·</span> <span class='ocrx_word' id='word_1_141' title='bbox 763 2127 1158 2225; x_wconf 62' lang='grc' dir='ltr'>ξῑςὴαιὶοιιίε,</span> <span class='ocrx_word' id='word_1_142' title='bbox 1199 2151 1449 2220; x_wconf 89' lang='lat' dir='ltr'>nempe</span> <span class='ocrx_word' id='word_1_143' title='bbox 1479 2130 1569 2197; x_wconf 85' lang='grc'>66</span> <span class='ocrx_word' id='word_1_144' title='bbox 1607 2129 1861 2223; x_wconf 80' lang='lat' dir='ltr'>gradus</span> <span class='ocrx_word' id='word_1_145' title='bbox 1886 2147 1957 2200; x_wconf 88' lang='lat' dir='ltr'>et</span> <span class='ocrx_word' id='word_1_146' title='bbox 1997 2152 2096 2224; x_wconf 88' lang='lat'>29</span> <span class='ocrx_word' id='word_1_147' title='bbox 2121 2125 2467 2221; x_wconf 79' lang='lat' dir='ltr'>scrupula,</span> <span class='ocrx_word' id='word_1_148' title='bbox 2499 2125 2924 2199; x_wconf 78' lang='lat' dir='ltr'>intermediis</span> <span class='ocrx_word' id='word_1_149' title='bbox 2950 2147 3182 2198; x_wconf 86' lang='lat' dir='ltr'>autem</span> <span class='ocrx_word' id='word_1_150' title='bbox 3215 2126 3384 2198; x_wconf 87' lang='lat' dir='ltr'>locis</span> <span class='ocrx_word' id='word_1_151' title='bbox 3419 2128 3714 2223; x_wconf 88' lang='lat' dir='ltr'>angulos</span> <span class='ocrx_word' id='word_1_152' title='bbox 3750 2152 3994 2204; x_wconf 83' lang='lat' dir='ltr'>omnes</span> 
     </span>
    </p>
   </div>
   <div class='ocr_carea' id='block_1_8' title="bbox 641 2211 3993 2334">
    <p class='ocr_par' dir='ltr' id='par_1_8' title="bbox 641 2211 3993 2334">
     <span class='ocr_line' id='line_1_16' title="bbox 641 2211 3993 2334; baseline 0.001 -36"><span class='ocrx_word' id='word_1_153' title='bbox 641 2215 644 2220; x_wconf 41' lang='lat'>¹</span> <span class='ocrx_word' id='word_1_154' title='bbox 689 2211 696 2216; x_wconf 50' lang='grc'><strong>’</strong></span> <span class='ocrx_word' id='word_1_155' title='bbox 745 2233 750 2238; x_wconf 81' lang='grc'><em>’</em></span> <span class='ocrx_word' id='word_1_156' title='bbox 824 2226 1009 2300; x_wconf 82' lang='lat' dir='ltr'>in&#39;ter</span> <span class='ocrx_word' id='word_1_157' title='bbox 1040 2229 1104 2298; x_wconf 90' lang='lat' dir='ltr'>se</span> <span class='ocrx_word' id='word_1_158' title='bbox 1132 2225 1294 2300; x_wconf 85' lang='lat' dir='ltr'>facit</span> <span class='ocrx_word' id='word_1_159' title='bbox 1326 2226 1725 2321; x_wconf 86' lang='lat' dir='ltr'>inaequales.</span> <span class='ocrx_word' id='word_1_160' title='bbox 1767 2228 1791 2295; x_wconf 90' lang='lat'>1</span> <span class='ocrx_word' id='word_1_161' title='bbox 1804 2251 1846 2297; x_wconf 90' lang='lat' dir='ltr'>n</span> <span class='ocrx_word' id='word_1_162' title='bbox 1882 2226 2270 2299; x_wconf 83' lang='lat' dir='ltr'>minoribus</span> <span class='ocrx_word' id='word_1_163' title='bbox 2303 2224 2470 2298; x_wconf 73' lang='lat' dir='ltr'>vero</span> <span class='ocrx_word' id='word_1_164' title='bbox 2501 2224 2775 2297; x_wconf 85' lang='lat' dir='ltr'>circulis</span> <span class='ocrx_word' id='word_1_165' title='bbox 2810 2224 3021 2298; x_wconf 88' lang='lat' dir='ltr'>etiam</span> <span class='ocrx_word' id='word_1_166' title='bbox 3064 2222 3485 2334; x_wconf 73' lang='lat' dir='ltr'>manifestior</span> <span class='ocrx_word' id='word_1_167' title='bbox 3518 2224 3613 2296; x_wconf 88' lang='lat' dir='ltr'>est</span> <span class='ocrx_word' id='word_1_168' title='bbox 3640 2227 3993 2303; x_wconf 73' lang='lat' dir='ltr'>evariatio,</span> 
     </span>
    </p>
   </div>
   <div class='ocr_carea' id='block_1_9' title="bbox 821 2322 3997 2620">
    <p class='ocr_par' dir='ltr' id='par_1_9' title="bbox 821 2322 3997 2617">
     <span class='ocr_line' id='line_1_17' title="bbox 825 2322 3997 2421; baseline 0.001 -23"><span class='ocrx_word' id='word_1_169' title='bbox 825 2324 1369 2398; x_wconf 81' lang='lat' dir='ltr'>Loxodromia</span> <span class='ocrx_word' id='word_1_170' title='bbox 1354 2326 1564 2421; x_wconf 80' lang='lat' dir='ltr'>igitur</span> <span class='ocrx_word' id='word_1_171' title='bbox 1593 2330 1735 2395; x_wconf 70' lang='grc' dir='ltr'>ελικε</span> <span class='ocrx_word' id='word_1_172' title='bbox 1715 2326 1873 2401; x_wconf 56' lang='lat' dir='ltr'>sons·</span> <span class='ocrx_word' id='word_1_173' title='bbox 1906 2326 2230 2421; x_wconf 86' lang='lat' dir='ltr'>quaedam</span> <span class='ocrx_word' id='word_1_174' title='bbox 2272 2325 2369 2397; x_wconf 82' lang='lat' dir='ltr'>sui</span> <span class='ocrx_word' id='word_1_175' title='bbox 2422 2322 2694 2419; x_wconf 89' lang='lat' dir='ltr'>generis</span> <span class='ocrx_word' id='word_1_176' title='bbox 2739 2324 2920 2396; x_wconf 88' lang='lat' dir='ltr'>linea</span> <span class='ocrx_word' id='word_1_177' title='bbox 2954 2324 3070 2406; x_wconf 89' lang='lat' dir='ltr'>est,</span> <span class='ocrx_word' id='word_1_178' title='bbox 3120 2322 3317 2420; x_wconf 86' lang='lat' dir='ltr'>cujus</span> <span class='ocrx_word' id='word_1_179' title='bbox 3376 2324 3890 2419; x_wconf 86' lang='lat' dir='ltr'>longitudinem</span> <span class='ocrx_word' id='word_1_180' title='bbox 3928 2348 3997 2400; x_wconf 91' lang='lat' dir='ltr'>et</span> 
     </span>
     <span class='ocr_line' id='line_1_18' title="bbox 825 2420 3997 2522; baseline 0.001 -27"><span class='ocrx_word' id='word_1_181' title='bbox 825 2423 1081 2502; x_wconf 80' lang='lat' dir='ltr'>fitum</span> <span class='ocrx_word' id='word_1_182' title='bbox 1066 2426 1320 2519; x_wconf 79' lang='lat' dir='ltr'>inipso</span> <span class='ocrx_word' id='word_1_183' title='bbox 1354 2420 1551 2497; x_wconf 90' lang='lat' dir='ltr'>cursu</span> <span class='ocrx_word' id='word_1_184' title='bbox 1597 2426 2116 2520; x_wconf 76' lang='lat' dir='ltr'>gubernatoreS,</span> <span class='ocrx_word' id='word_1_185' title='bbox 2167 2445 2232 2495; x_wconf 87' lang='lat' dir='ltr'>et</span> <span class='ocrx_word' id='word_1_186' title='bbox 2269 2423 2557 2495; x_wconf 88' lang='lat' dir='ltr'>navium</span> <span class='ocrx_word' id='word_1_187' title='bbox 2615 2422 2948 2520; x_wconf 87' lang='lat' dir='ltr'>magistri,</span> <span class='ocrx_word' id='word_1_188' title='bbox 3001 2424 3389 2519; x_wconf 78' lang='lat' dir='ltr'>reliquique</span> <span class='ocrx_word' id='word_1_189' title='bbox 3451 2426 3727 2496; x_wconf 85' lang='lat' dir='ltr'>navales</span> <span class='ocrx_word' id='word_1_190' title='bbox 3780 2429 3997 2522; x_wconf 86' lang='lat' dir='ltr'>pedes</span> 
     </span>
     <span class='ocr_line' id='line_1_19' title="bbox 821 2520 3991 2620; baseline 0.002 -26"><span class='ocrx_word' id='word_1_191' title='bbox 821 2525 909 2595; x_wconf 89' lang='lat' dir='ltr'>ad</span> <span class='ocrx_word' id='word_1_192' title='bbox 909 2525 1141 2620; x_wconf 70' lang='lat' dir='ltr'>,lianc</span> <span class='ocrx_word' id='word_1_193' title='bbox 1174 2547 1324 2595; x_wconf 88' lang='lat' dir='ltr'>rem</span> <span class='ocrx_word' id='word_1_194' title='bbox 1360 2522 1630 2609; x_wconf 75' lang='lat' dir='ltr'>idonei,</span> <span class='ocrx_word' id='word_1_195' title='bbox 1675 2524 1993 2598; x_wconf 87' lang='lat' dir='ltr'>accurate</span> <span class='ocrx_word' id='word_1_196' title='bbox 2028 2544 2106 2594; x_wconf 86' lang='lat' dir='ltr'>et</span> <span class='ocrx_word' id='word_1_197' title='bbox 2123 2522 2500 2617; x_wconf 70' lang='lat' dir='ltr'>diligenter</span> <span class='ocrx_word' id='word_1_198' title='bbox 2535 2520 2933 2609; x_wconf 78' lang='lat' dir='ltr'>observant,</span> <span class='ocrx_word' id='word_1_199' title='bbox 2988 2542 3056 2593; x_wconf 90' lang='lat' dir='ltr'>et</span> <span class='ocrx_word' id='word_1_200' title='bbox 3110 2546 3237 2616; x_wconf 91' lang='lat' dir='ltr'>pro</span> <span class='ocrx_word' id='word_1_201' title='bbox 3261 2522 3658 2616; x_wconf 51' lang='lat' dir='ltr'>‘velocitate</span> <span class='ocrx_word' id='word_1_202' title='bbox 3701 2544 3818 2594; x_wconf 90' lang='lat' dir='ltr'>aut</span> <span class='ocrx_word' id='word_1_203' title='bbox 3855 2547 3991 2599; x_wconf 87' lang='lat' dir='ltr'>tar-</span> 
     </span>
    </p>
   </div>
   <div class='ocr_carea' id='block_1_10' title="bbox 821 2618 4010 2718">
    <p class='ocr_par' dir='ltr' id='par_1_10' title="bbox 821 2618 4010 2718">
     <span class='ocr_line' id='line_1_20' title="bbox 821 2618 4010 2718; baseline 0.001 -24"><span class='ocrx_word' id='word_1_204' title='bbox 821 2620 1039 2694; x_wconf 73' lang='lat' dir='ltr'>ditate</span> <span class='ocrx_word' id='word_1_205' title='bbox 1071 2621 1486 2718; x_wconf 65' lang='lat' dir='ltr'>conjesturis</span> <span class='ocrx_word' id='word_1_206' title='bbox 1519 2621 2015 2695; x_wconf 85' lang='lat' dir='ltr'>accu1atiffime</span> <span class='ocrx_word' id='word_1_207' title='bbox 2051 2621 2461 2693; x_wconf 81' lang='lat' dir='ltr'>aestimatam</span> <span class='ocrx_word' id='word_1_208' title='bbox 2498 2618 2784 2692; x_wconf 75' lang='lat' dir='ltr'>seorsim</span> <span class='ocrx_word' id='word_1_209' title='bbox 2825 2641 3087 2693; x_wconf 87' lang='lat' dir='ltr'>notant.</span> <span class='ocrx_word' id='word_1_210' title='bbox 3165 2619 3367 2692; x_wconf 72' lang='lat' dir='ltr'>Hinc</span> <span class='ocrx_word' id='word_1_211' title='bbox 3403 2622 3591 2693; x_wconf 89' lang='lat' dir='ltr'>enim</span> <span class='ocrx_word' id='word_1_212' title='bbox 3629 2624 4010 2697; x_wconf 84' lang='lat' dir='ltr'>certiflima·</span> 
     </span>
    </p>
   </div>
   <div class='ocr_carea' id='block_1_11' title="bbox 798 2718 4006 5494">
    <p class='ocr_par' dir='ltr' id='par_1_11' title="bbox 798 2718 3994 5494">
     <span class='ocr_line' id='line_1_21' title="bbox 824 2718 3991 2815; baseline 0 -21"><span class='ocrx_word' id='word_1_213' title='bbox 824 2740 1110 2794; x_wconf 83' lang='lat' dir='ltr'>mutatae</span> <span class='ocrx_word' id='word_1_214' title='bbox 1166 2721 1318 2794; x_wconf 90' lang='lat' dir='ltr'>tum</span> <span class='ocrx_word' id='word_1_215' title='bbox 1351 2718 1817 2815; x_wconf 81' lang='lat' dir='ltr'>longitudinis</span> <span class='ocrx_word' id='word_1_216' title='bbox 1870 2722 2022 2793; x_wconf 64' lang='lat' dir='ltr'>tum</span> <span class='ocrx_word' id='word_1_217' title='bbox 2062 2720 2445 2794; x_wconf 61' lang='lat' dir='ltr'>latitudinis</span> <span class='ocrx_word' id='word_1_218' title='bbox 2480 2718 2768 2805; x_wconf 88' lang='lat' dir='ltr'>indicia,</span> <span class='ocrx_word' id='word_1_219' title='bbox 2822 2720 3087 2813; x_wconf 79' lang='lat' dir='ltr'>(modo</span> <span class='ocrx_word' id='word_1_220' title='bbox 3120 2719 3346 2792; x_wconf 86' lang='lat' dir='ltr'>nihil</span> <span class='ocrx_word' id='word_1_221' title='bbox 3331 2745 3400 2791; x_wconf 79' lang='lat' dir='ltr'>in</span> <span class='ocrx_word' id='word_1_222' title='bbox 3440 2718 3543 2792; x_wconf 85' lang='lat' dir='ltr'>his</span> <span class='ocrx_word' id='word_1_223' title='bbox 3579 2721 3991 2815; x_wconf 70' lang='lat' dir='ltr'>conjecturis</span> 
     </span>
     <span class='ocr_line' id='line_1_22' title="bbox 820 2818 3994 2917; baseline 0.002 -26"><span class='ocrx_word' id='word_1_224' title='bbox 820 2819 896 2891; x_wconf 83' lang='lat' dir='ltr'>fit</span> <span class='ocrx_word' id='word_1_225' title='bbox 946 2826 1352 2917; x_wconf 88' lang='lat' dir='ltr'>peccatum)</span> <span class='ocrx_word' id='word_1_226' title='bbox 1400 2822 1491 2891; x_wconf 88' lang='lat' dir='ltr'>ab</span> <span class='ocrx_word' id='word_1_227' title='bbox 1537 2821 1695 2915; x_wconf 88' lang='lat' dir='ltr'>ipsis</span> <span class='ocrx_word' id='word_1_228' title='bbox 1727 2818 2023 2891; x_wconf 86' lang='lat' dir='ltr'>derivari</span> <span class='ocrx_word' id='word_1_229' title='bbox 2059 2819 2325 2903; x_wconf 80' lang='lat' dir='ltr'>solent-3</span> <span class='ocrx_word' id='word_1_230' title='bbox 2384 2838 2461 2890; x_wconf 85' lang='lat' dir='ltr'>ut</span> <span class='ocrx_word' id='word_1_231' title='bbox 2496 2818 2662 2891; x_wconf 92' lang='lat' dir='ltr'>inde</span> <span class='ocrx_word' id='word_1_232' title='bbox 2708 2820 2795 2892; x_wconf 86' lang='lat' dir='ltr'>ad</span> <span class='ocrx_word' id='word_1_233' title='bbox 2852 2843 3021 2914; x_wconf 88' lang='lat' dir='ltr'>quas</span> <span class='ocrx_word' id='word_1_234' title='bbox 3077 2843 3229 2891; x_wconf 90' lang='lat' dir='ltr'>oras</span> <span class='ocrx_word' id='word_1_235' title='bbox 3276 2819 3699 2915; x_wconf 87' lang='lat' dir='ltr'>appulerint,</span> <span class='ocrx_word' id='word_1_236' title='bbox 3757 2824 3994 2917; x_wconf 73' lang='lat' dir='ltr'>quove</span> 
     </span>
     <span class='ocr_line' id='line_1_23' title="bbox 820 2916 3994 3029; baseline 0.002 -40"><span class='ocrx_word' id='word_1_237' title='bbox 820 2919 1042 3017; x_wconf 89' lang='lat' dir='ltr'>usque</span> <span class='ocrx_word' id='word_1_238' title='bbox 1075 2921 1152 2991; x_wconf 88' lang='lat' dir='ltr'>fit</span> <span class='ocrx_word' id='word_1_239' title='bbox 1195 2937 1640 3017; x_wconf 84' lang='lat' dir='ltr'>perventum,</span> <span class='ocrx_word' id='word_1_240' title='bbox 1694 2918 1833 2989; x_wconf 89' lang='lat' dir='ltr'>hoc</span> <span class='ocrx_word' id='word_1_241' title='bbox 1867 2917 2130 2990; x_wconf 88' lang='lat' dir='ltr'>indicio</span> <span class='ocrx_word' id='word_1_242' title='bbox 2161 2916 2589 3012; x_wconf 86' lang='lat' dir='ltr'>cognoscant</span> <span class='ocrx_word' id='word_1_243' title='bbox 2639 2937 2719 2989; x_wconf 75' lang='lat' dir='ltr'>et</span> <span class='ocrx_word' id='word_1_244' title='bbox 2743 2918 3102 2991; x_wconf 85' lang='lat' dir='ltr'>definiant.</span> <span class='ocrx_word' id='word_1_245' title='bbox 3203 2916 3450 3011; x_wconf 87' lang='lat' dir='ltr'>Hujus</span> <span class='ocrx_word' id='word_1_246' title='bbox 3498 2919 3736 3029; x_wconf 78' lang='lat' dir='ltr'>itaque</span> <span class='ocrx_word' id='word_1_247' title='bbox 3793 2920 3994 2996; x_wconf 84' lang='lat' dir='ltr'>lineae·</span> 
     </span>
     <span class='ocr_line' id='line_1_24' title="bbox 813 3014 4006 3131; baseline 0.001 -39"><span class='ocrx_word' id='word_1_248' title='bbox 813 3038 1139 3092; x_wconf 70' lang='lat' dir='ltr'>accurata</span> <span class='ocrx_word' id='word_1_249' title='bbox 1171 3037 1241 3091; x_wconf 86' lang='lat' dir='ltr'>et</span> <span class='ocrx_word' id='word_1_250' title='bbox 1273 3017 1588 3089; x_wconf 89' lang='lat' dir='ltr'>constans</span> <span class='ocrx_word' id='word_1_251' title='bbox 1625 3015 1970 3105; x_wconf 79' lang='lat' dir='ltr'>mensura,</span> <span class='ocrx_word' id='word_1_252' title='bbox 2022 3037 2090 3089; x_wconf 88' lang='lat' dir='ltr'>et</span> <span class='ocrx_word' id='word_1_253' title='bbox 2139 3018 2462 3131; x_wconf 88' lang='lat' dir='ltr'>angulus,</span> <span class='ocrx_word' id='word_1_254' title='bbox 2517 3039 2734 3113; x_wconf 88' lang='lat' dir='ltr'>quem</span> <span class='ocrx_word' id='word_1_255' title='bbox 2766 3014 2912 3112; x_wconf 88' lang='lat' dir='ltr'>ipsa</span> <span class='ocrx_word' id='word_1_256' title='bbox 2945 3041 3111 3091; x_wconf 91' lang='lat' dir='ltr'>cum</span> <span class='ocrx_word' id='word_1_257' title='bbox 3158 3039 3326 3089; x_wconf 83' lang='lat' dir='ltr'>acus</span> <span class='ocrx_word' id='word_1_258' title='bbox 3379 3018 3805 3113; x_wconf 81' lang='lat' dir='ltr'>magneticae</span> <span class='ocrx_word' id='word_1_259' title='bbox 3854 3023 4006 3096; x_wconf 74' lang='lat' dir='ltr'>situ</span> 
     </span>
     <span class='ocr_line' id='line_1_25' title="bbox 815 3109 2485 3214; baseline 0.001 -25"><span class='ocrx_word' id='word_1_260' title='bbox 815 3109 1168 3214; x_wconf 60' lang='lat' dir='ltr'>legitimo,</span> <span class='ocrx_word' id='word_1_261' title='bbox 1221 3118 1358 3187; x_wconf 87' lang='lat' dir='ltr'>hoc</span> <span class='ocrx_word' id='word_1_262' title='bbox 1410 3114 1533 3202; x_wconf 81' lang='lat' dir='ltr'>est,</span> <span class='ocrx_word' id='word_1_263' title='bbox 1604 3139 1773 3188; x_wconf 86' lang='lat' dir='ltr'>cum</span> <span class='ocrx_word' id='word_1_264' title='bbox 1826 3139 1996 3190; x_wconf 75' lang='lat' dir='ltr'>vero</span> <span class='ocrx_word' id='word_1_265' title='bbox 2051 3116 2209 3191; x_wconf 80' lang='lat' dir='ltr'>loei·</span> <span class='ocrx_word' id='word_1_266' title='bbox 2252 3118 2485 3192; x_wconf 58' lang='lat' dir='ltr'>meri»-</span> 
     </span>
     <span class='ocr_line' id='line_1_26' title="bbox 813 3199 2469 3310; baseline 0.001 -21"><span class='ocrx_word' id='word_1_267' title='bbox 813 3199 1057 3302; x_wconf 74' lang='lat' dir='ltr'>diano,</span> <span class='ocrx_word' id='word_1_268' title='bbox 1132 3215 1708 3310; x_wconf 86' lang='lat' dir='ltr'>comprehendet,</span> <span class='ocrx_word' id='word_1_269' title='bbox 1782 3234 2153 3310; x_wconf 87' lang='lat' dir='ltr'>utramque</span> <span class='ocrx_word' id='word_1_270' title='bbox 2210 3216 2281 3288; x_wconf 91' lang='lat' dir='ltr'>in</span> <span class='ocrx_word' id='word_1_271' title='bbox 2335 3218 2469 3290; x_wconf 83' lang='lat' dir='ltr'>hae</span> 
     </span>
     <span class='ocr_line' id='line_1_27' title="bbox 809 3311 2465 3411; baseline -0.002 -22"><span class='ocrx_word' id='word_1_272' title='bbox 809 3331 957 3390; x_wconf 69' lang='lat' dir='ltr'>trte</span> <span class='ocrx_word' id='word_1_273' title='bbox 994 3312 1322 3411; x_wconf 83' lang='lat' dir='ltr'>paginam</span> <span class='ocrx_word' id='word_1_274' title='bbox 1358 3311 1560 3384; x_wconf 81' lang='lat' dir='ltr'>nobis</span> <span class='ocrx_word' id='word_1_275' title='bbox 1611 3312 1916 3400; x_wconf 77' lang='lat' dir='ltr'>faciunt3</span> <span class='ocrx_word' id='word_1_276' title='bbox 1964 3315 2078 3388; x_wconf 92' lang='lat' dir='ltr'>cui</span> <span class='ocrx_word' id='word_1_277' title='bbox 2127 3314 2307 3388; x_wconf 75' lang='lat' dir='ltr'>adeo</span> <span class='ocrx_word' id='word_1_278' title='bbox 2338 3316 2465 3402; x_wconf 87' lang='lat' dir='ltr'>rei,</span> 
     </span>
     <span class='ocr_line' id='line_1_28' title="bbox 811 3410 2491 3501; baseline -0.001 -15"><span class='ocrx_word' id='word_1_279' title='bbox 811 3411 999 3486; x_wconf 82' lang='lat' dir='ltr'>hanc</span> <span class='ocrx_word' id='word_1_280' title='bbox 1084 3437 1304 3486; x_wconf 90' lang='lat' dir='ltr'>unam</span> <span class='ocrx_word' id='word_1_281' title='bbox 1354 3413 1452 3486; x_wconf 92' lang='lat' dir='ltr'>ob</span> <span class='ocrx_word' id='word_1_282' title='bbox 1522 3410 1826 3501; x_wconf 90' lang='lat' dir='ltr'>causam,</span> <span class='ocrx_word' id='word_1_283' title='bbox 1910 3413 2220 3488; x_wconf 88' lang='lat' dir='ltr'>sedulam</span> <span class='ocrx_word' id='word_1_284' title='bbox 2286 3414 2491 3489; x_wconf 71' lang='lat' dir='ltr'>adeo,-</span> 
     </span>
     <span class='ocr_line' id='line_1_29' title="bbox 813 3512 2467 3609; baseline 0.002 -27"><span class='ocrx_word' id='word_1_285' title='bbox 813 3534 1100 3608; x_wconf 83' lang='lat' dir='ltr'>operam</span> <span class='ocrx_word' id='word_1_286' title='bbox 1174 3531 1454 3585; x_wconf 85' lang='lat' dir='ltr'>navant.</span> <span class='ocrx_word' id='word_1_287' title='bbox 1557 3512 1754 3584; x_wconf 89' lang='lat' dir='ltr'>Nam</span> <span class='ocrx_word' id='word_1_288' title='bbox 1821 3537 1984 3585; x_wconf 89' lang='lat' dir='ltr'>acus</span> <span class='ocrx_word' id='word_1_289' title='bbox 2047 3513 2467 3609; x_wconf 82' lang='lat' dir='ltr'>magneticae</span> 
     </span>
     <span class='ocr_line' id='line_1_30' title="bbox 814 3609 2484 3708; baseline 0.002 -27"><span class='ocrx_word' id='word_1_290' title='bbox 814 3610 1020 3683; x_wconf 86' lang='lat' dir='ltr'>fitum</span> <span class='ocrx_word' id='word_1_291' title='bbox 1104 3612 1449 3694; x_wconf 87' lang='lat' dir='ltr'>luxatum,</span> <span class='ocrx_word' id='word_1_292' title='bbox 1535 3609 1833 3698; x_wconf 74' lang='lat' dir='ltr'>summa,</span> <span class='ocrx_word' id='word_1_293' title='bbox 1922 3613 2065 3706; x_wconf 85' lang='lat' dir='ltr'>qua</span> <span class='ocrx_word' id='word_1_294' title='bbox 2149 3612 2463 3708; x_wconf 85' lang='lat' dir='ltr'>poffunt,</span> <span class='ocrx_word' id='word_1_295' title='bbox 2480 3679 2484 3684; x_wconf 91' lang='lat'>.</span> 
     </span>
     <span class='ocr_line' id='line_1_31' title="bbox 810 3706 2469 3808; baseline 0.001 -27"><span class='ocrx_word' id='word_1_296' title='bbox 810 3708 979 3781; x_wconf 61' lang='lat' dir='ltr'>cura</span> <span class='ocrx_word' id='word_1_297' title='bbox 1038 3709 1462 3808; x_wconf 80' lang='lat' dir='ltr'>quotidianis</span> <span class='ocrx_word' id='word_1_298' title='bbox 1518 3706 2121 3785; x_wconf 83' lang='lat' dir='ltr'>observationibus</span> <span class='ocrx_word' id='word_1_299' title='bbox 2192 3710 2469 3784; x_wconf 85' lang='lat' dir='ltr'>restitu-</span> 
     </span>
     <span class='ocr_line' id='line_1_32' title="bbox 808 3807 2458 3904; baseline 0.002 -24"><span class='ocrx_word' id='word_1_300' title='bbox 808 3826 966 3880; x_wconf 87' lang='lat' dir='ltr'>unt.</span> <span class='ocrx_word' id='word_1_301' title='bbox 1094 3809 1195 3879; x_wconf 89' lang='lat' dir='ltr'>Et</span> <span class='ocrx_word' id='word_1_302' title='bbox 1247 3810 1483 3883; x_wconf 73' lang='lat' dir='ltr'>curffls</span> <span class='ocrx_word' id='word_1_303' title='bbox 1551 3807 1945 3884; x_wconf 84' lang='lat' dir='ltr'>mensuram</span> <span class='ocrx_word' id='word_1_304' title='bbox 1990 3807 2187 3904; x_wconf 75' lang='lat' dir='ltr'>jaCtu</span> <span class='ocrx_word' id='word_1_305' title='bbox 2247 3812 2458 3899; x_wconf 79' lang='lat' dir='ltr'>funis,</span> 
     </span>
     <span class='ocr_line' id='line_1_33' title="bbox 807 3905 2461 4004; baseline -0.002 -24"><span class='ocrx_word' id='word_1_306' title='bbox 807 3905 1123 3980; x_wconf 70' lang='lat' dir='ltr'>adhibita</span> <span class='ocrx_word' id='word_1_307' title='bbox 1180 3906 1553 4004; x_wconf 64' lang='lat' dir='ltr'>clepsydra·-</span> <span class='ocrx_word' id='word_1_308' title='bbox 1607 3909 2129 3995; x_wconf 66' lang='lat' dir='ltr'>momentanea,</span> <span class='ocrx_word' id='word_1_309' title='bbox 2178 3912 2461 4003; x_wconf 83' lang='lat' dir='ltr'>explor-</span> 
     </span>
     <span class='ocr_line' id='line_1_34' title="bbox 809 4004 2469 4093; baseline -0.001 -15"><span class='ocrx_word' id='word_1_310' title='bbox 809 4024 959 4093; x_wconf 83' lang='lat' dir='ltr'>ant,</span> <span class='ocrx_word' id='word_1_311' title='bbox 1011 4007 1152 4077; x_wconf 87' lang='lat' dir='ltr'>hoc</span> <span class='ocrx_word' id='word_1_312' title='bbox 1207 4004 1369 4077; x_wconf 72' lang='lat' dir='ltr'>fere</span> <span class='ocrx_word' id='word_1_313' title='bbox 1410 4010 1653 4080; x_wconf 89' lang='lat' dir='ltr'>modo.</span> <span class='ocrx_word' id='word_1_314' title='bbox 1757 4008 2032 4080; x_wconf 87' lang='lat' dir='ltr'>Funem</span> <span class='ocrx_word' id='word_1_315' title='bbox 2078 4029 2266 4081; x_wconf 78' lang='lat' dir='ltr'>notae</span> <span class='ocrx_word' id='word_1_316' title='bbox 2297 4011 2469 4082; x_wconf 68' lang='lat' dir='ltr'>lon·</span> 
     </span>
     <span class='ocr_line' id='line_1_35' title="bbox 809 4102 2461 4215; baseline 0.003 -40"><span class='ocrx_word' id='word_1_317' title='bbox 809 4102 1169 4215; x_wconf 84' lang='lat' dir='ltr'>gitudinis·¹</span> <span class='ocrx_word' id='word_1_318' title='bbox 1207 4106 1474 4178; x_wconf 75' lang='lat' dir='ltr'>decem.</span> <span class='ocrx_word' id='word_1_319' title='bbox 1515 4126 1638 4178; x_wconf 87' lang='lat' dir='ltr'>aut</span> <span class='ocrx_word' id='word_1_320' title='bbox 1682 4104 1935 4202; x_wconf 82' lang='lat' dir='ltr'>viginti</span> <span class='ocrx_word' id='word_1_321' title='bbox 1989 4108 2461 4204; x_wconf 80' lang='lat' dir='ltr'>decempeda·</span> 
     </span>
     <span class='ocr_line' id='line_1_36' title="bbox 808 4201 2460 4314; baseline 0.002 -39"><span class='ocrx_word' id='word_1_322' title='bbox 808 4228 996 4289; x_wconf 88' lang='lat' dir='ltr'>rum,</span> <span class='ocrx_word' id='word_1_323' title='bbox 1070 4201 1285 4276; x_wconf 89' lang='lat' dir='ltr'>etiarn</span> <span class='ocrx_word' id='word_1_324' title='bbox 1365 4205 1623 4314; x_wconf 88' lang='lat' dir='ltr'>puppis</span> <span class='ocrx_word' id='word_1_325' title='bbox 1694 4206 2220 4301; x_wconf 80' lang='lat' dir='ltr'>perpendiculo,</span> <span class='ocrx_word' id='word_1_326' title='bbox 2309 4227 2460 4279; x_wconf 89' lang='lat' dir='ltr'>tan·</span> 
     </span>
     <span class='ocr_line' id='line_1_37' title="bbox 808 4302 2585 4413; baseline 0.005 -42"><span class='ocrx_word' id='word_1_327' title='bbox 808 4326 1029 4397; x_wconf 86' lang='lat' dir='ltr'>quam</span> <span class='ocrx_word' id='word_1_328' title='bbox 1097 4302 1443 4413; x_wconf 88' lang='lat' dir='ltr'>trianguli</span> <span class='ocrx_word' id='word_1_329' title='bbox 1508 4304 1886 4400; x_wconf 68' lang='lat' dir='ltr'>re6ianguli</span> <span class='ocrx_word' id='word_1_330' title='bbox 1948 4329 2165 4377; x_wconf 86' lang='lat' dir='ltr'>crure.</span> <span class='ocrx_word' id='word_1_331' title='bbox 2201 4304 2453 4378; x_wconf 85' lang='lat' dir='ltr'>aestim·</span> <span class='ocrx_word' id='word_1_332' title='bbox 2575 4310 2585 4321; x_wconf 85' lang='grc'><em>“</em></span> 
     </span>
     <span class='ocr_line' id='line_1_38' title="bbox 807 4399 2459 4499; baseline 0.002 -27"><span class='ocrx_word' id='word_1_333' title='bbox 807 4420 952 4488; x_wconf 88' lang='lat' dir='ltr'>ato,</span> <span class='ocrx_word' id='word_1_334' title='bbox 1029 4399 1084 4473; x_wconf 81' lang='grc' dir='ltr'>ὲ</span> <span class='ocrx_word' id='word_1_335' title='bbox 1141 4401 1365 4496; x_wconf 90' lang='lat' dir='ltr'>puppi</span> <span class='ocrx_word' id='word_1_336' title='bbox 1430 4402 1895 4499; x_wconf 84' lang='lat' dir='ltr'>praecipitant,</span> <span class='ocrx_word' id='word_1_337' title='bbox 1973 4403 2091 4475; x_wconf 86' lang='lat' dir='ltr'>cui</span> <span class='ocrx_word' id='word_1_338' title='bbox 2172 4403 2246 4477; x_wconf 90' lang='lat' dir='ltr'>in</span> <span class='ocrx_word' id='word_1_339' title='bbox 2315 4404 2459 4476; x_wconf 89' lang='lat' dir='ltr'>fine</span> 
     </span>
     <span class='ocr_line' id='line_1_39' title="bbox 802 4498 2456 4597; baseline 0.003 -26"><span class='ocrx_word' id='word_1_340' title='bbox 802 4498 1098 4595; x_wconf 90' lang='lat' dir='ltr'>lignum</span> <span class='ocrx_word' id='word_1_341' title='bbox 1134 4500 1608 4574; x_wconf 82' lang='lat' dir='ltr'>cimbulamve</span> <span class='ocrx_word' id='word_1_342' title='bbox 1663 4502 1982 4597; x_wconf 88' lang='lat' dir='ltr'>alligant,</span> <span class='ocrx_word' id='word_1_343' title='bbox 2037 4526 2197 4597; x_wconf 86' lang='lat' dir='ltr'>quae</span> <span class='ocrx_word' id='word_1_344' title='bbox 2232 4503 2456 4577; x_wconf 84' lang='lat' dir='ltr'>trans-</span> 
     </span>
     <span class='ocr_line' id='line_1_40' title="bbox 806 4596 2456 4694; baseline 0.005 -26"><span class='ocrx_word' id='word_1_345' title='bbox 806 4596 1090 4671; x_wconf 77' lang='lat' dir='ltr'>versim</span> <span class='ocrx_word' id='word_1_346' title='bbox 1137 4621 1348 4694; x_wconf 91' lang='lat' dir='ltr'>pone</span> <span class='ocrx_word' id='word_1_347' title='bbox 1365 4598 1438 4669; x_wconf 91' lang='lat' dir='ltr'>in</span> <span class='ocrx_word' id='word_1_348' title='bbox 1482 4602 1691 4673; x_wconf 86' lang='lat' dir='ltr'>maris</span> <span class='ocrx_word' id='word_1_349' title='bbox 1731 4600 1947 4688; x_wconf 90' lang='lat' dir='ltr'>sulco,</span> <span class='ocrx_word' id='word_1_350' title='bbox 2002 4630 2042 4674; x_wconf 91' lang='lat' dir='ltr'>a</span> <span class='ocrx_word' id='word_1_351' title='bbox 2097 4604 2456 4677; x_wconf 89' lang='lat' dir='ltr'>concitato</span> 
     </span>
     <span class='ocr_line' id='line_1_41' title="bbox 803 4695 2454 4787; baseline 0.005 -19"><span class='ocrx_word' id='word_1_352' title='bbox 803 4700 1010 4769; x_wconf 82' lang='lat' dir='ltr'>navis</span> <span class='ocrx_word' id='word_1_353' title='bbox 1060 4717 1257 4769; x_wconf 88' lang='lat' dir='ltr'>motu</span> <span class='ocrx_word' id='word_1_354' title='bbox 1308 4695 1520 4787; x_wconf 66' lang='lat' dir='ltr'>faeto,</span> <span class='ocrx_word' id='word_1_355' title='bbox 1595 4700 2044 4785; x_wconf 73' lang='lat' dir='ltr'>innate13ut</span> <span class='ocrx_word' id='word_1_356' title='bbox 2101 4702 2220 4786; x_wconf 88' lang='lat' dir='ltr'>ita,</span> <span class='ocrx_word' id='word_1_357' title='bbox 2273 4703 2454 4776; x_wconf 88' lang='lat' dir='ltr'>dum</span> 
     </span>
     <span class='ocr_line' id='line_1_42' title="bbox 801 4794 2454 4893; baseline 0.005 -27"><span class='ocrx_word' id='word_1_358' title='bbox 801 4794 1051 4868; x_wconf 84' lang='lat' dir='ltr'>sunem</span> <span class='ocrx_word' id='word_1_359' title='bbox 1112 4822 1153 4867; x_wconf 88' lang='lat' dir='ltr'>a</span> <span class='ocrx_word' id='word_1_360' title='bbox 1186 4797 1499 4893; x_wconf 85' lang='lat' dir='ltr'>glomere</span> <span class='ocrx_word' id='word_1_361' title='bbox 1552 4799 1849 4870; x_wconf 89' lang='lat' dir='ltr'>minimo</span> <span class='ocrx_word' id='word_1_362' title='bbox 1899 4823 2269 4874; x_wconf 88' lang='lat' dir='ltr'>momento</span> <span class='ocrx_word' id='word_1_363' title='bbox 2302 4827 2454 4874; x_wconf 87' lang='lat' dir='ltr'>ver-</span> 
     </span>
     <span class='ocr_line' id='line_1_43' title="bbox 802 4893 2454 4994; baseline 0.004 -28"><span class='ocrx_word' id='word_1_364' title='bbox 802 4893 1000 4967; x_wconf 89' lang='lat' dir='ltr'>sabili</span> <span class='ocrx_word' id='word_1_365' title='bbox 1077 4895 1592 4989; x_wconf 83' lang='lat' dir='ltr'>deglomerant,</span> <span class='ocrx_word' id='word_1_366' title='bbox 1691 4896 1928 4969; x_wconf 86' lang='lat' dir='ltr'>eidem</span> <span class='ocrx_word' id='word_1_367' title='bbox 2016 4900 2205 4994; x_wconf 81' lang='lat' dir='ltr'>quasi</span> <span class='ocrx_word' id='word_1_368' title='bbox 2292 4902 2454 4973; x_wconf 89' lang='lat' dir='ltr'>loco</span> 
     </span>
     <span class='ocr_line' id='line_1_44' title="bbox 800 4992 2453 5093; baseline 0.004 -28"><span class='ocrx_word' id='word_1_369' title='bbox 800 4992 1018 5065; x_wconf 79' lang='lat' dir='ltr'>affixa</span> <span class='ocrx_word' id='word_1_370' title='bbox 1091 4994 1395 5079; x_wconf 68' lang='lat' dir='ltr'>haeteatg</span> <span class='ocrx_word' id='word_1_371' title='bbox 1503 4994 1786 5068; x_wconf 77' lang='lat' dir='ltr'>interim</span> <span class='ocrx_word' id='word_1_372' title='bbox 1861 4999 1954 5068; x_wconf 88' lang='lat' dir='ltr'>ab</span> <span class='ocrx_word' id='word_1_373' title='bbox 2003 4996 2183 5093; x_wconf 48' lang='lat' dir='ltr'>ipso</span> <span class='ocrx_word' id='word_1_374' title='bbox 2251 4998 2453 5071; x_wconf 86' lang='lat' dir='ltr'>initio</span> 
     </span>
     <span class='ocr_line' id='line_1_45' title="bbox 801 5089 2452 5192; baseline 0.004 -27"><span class='ocrx_word' id='word_1_375' title='bbox 801 5089 1169 5185; x_wconf 78' lang='lat' dir='ltr'>clepsydra</span> <span class='ocrx_word' id='word_1_376' title='bbox 1223 5094 1707 5167; x_wconf 64' lang='lat' dir='ltr'>momentanea</span> <span class='ocrx_word' id='word_1_377' title='bbox 1762 5097 2100 5190; x_wconf 81' lang='lat' dir='ltr'>temporis</span> <span class='ocrx_word' id='word_1_378' title='bbox 2131 5096 2452 5192; x_wconf 68' lang='lat' dir='ltr'>spatium</span> 
     </span>
     <span class='ocr_line' id='line_1_46' title="bbox 799 5188 2452 5294; baseline 0.004 -33"><span class='ocrx_word' id='word_1_379' title='bbox 799 5188 876 5261; x_wconf 92' lang='lat' dir='ltr'>in</span> <span class='ocrx_word' id='word_1_380' title='bbox 928 5190 1071 5285; x_wconf 67' lang='lat' dir='ltr'>ipsa</span> <span class='ocrx_word' id='word_1_381' title='bbox 1111 5192 1440 5285; x_wconf 86' lang='lat' dir='ltr'>glomeris</span> <span class='ocrx_word' id='word_1_382' title='bbox 1471 5196 1875 5268; x_wconf 82' lang='lat' dir='ltr'>evolutione</span> <span class='ocrx_word' id='word_1_383' title='bbox 1904 5193 2222 5294; x_wconf 77' lang='lat' dir='ltr'>elapsum·</span> <span class='ocrx_word' id='word_1_384' title='bbox 2249 5213 2452 5272; x_wconf 86' lang='lat' dir='ltr'>men-</span> 
     </span>
     <span class='ocr_line' id='line_1_47' title="bbox 798 5289 2457 5391; baseline 0.007 -31"><span class='ocrx_word' id='word_1_385' title='bbox 798 5289 1078 5360; x_wconf 86' lang='lat' dir='ltr'>surant:</span> <span class='ocrx_word' id='word_1_386' title='bbox 1153 5310 1218 5361; x_wconf 91' lang='lat' dir='ltr'>et</span> <span class='ocrx_word' id='word_1_387' title='bbox 1273 5292 1465 5381; x_wconf 89' lang='lat' dir='ltr'>inde,</span> <span class='ocrx_word' id='word_1_388' title='bbox 1517 5315 1863 5389; x_wconf 87' lang='lat' dir='ltr'>quantum</span> <span class='ocrx_word' id='word_1_389' title='bbox 1923 5297 2212 5391; x_wconf 67' lang='lat' dir='ltr'>lingulis</span> <span class='ocrx_word' id='word_1_390' title='bbox 2265 5298 2457 5373; x_wconf 82' lang='lat' dir='ltr'>horis</span> 
     </span>
     <span class='ocr_line' id='line_1_48' title="bbox 798 5385 2451 5494; baseline 0.008 -36"><span class='ocrx_word' id='word_1_391' title='bbox 798 5387 919 5460; x_wconf 80' lang='lat' dir='ltr'>tali</span> <span class='ocrx_word' id='word_1_392' title='bbox 989 5385 1297 5463; x_wconf 83' lang='lat' dir='ltr'>succeffu</span> <span class='ocrx_word' id='word_1_393' title='bbox 1358 5392 1724 5488; x_wconf 84' lang='lat' dir='ltr'>proficiant</span> <span class='ocrx_word' id='word_1_394' title='bbox 1788 5393 2258 5494; x_wconf 67' lang='lat' dir='ltr'>conjesturam</span> <span class='ocrx_word' id='word_1_395' title='bbox 2326 5421 2451 5470; x_wconf 80' lang='lat' dir='ltr'>ca·</span> 
     </span>
    </p>
   </div>
   <div class='ocr_carea' id='block_1_12' title="bbox 2592 3189 3982 5485">
    <p class='ocr_par' dir='ltr' id='par_1_12' title="bbox 2592 3189 3982 5485">
     <span class='ocr_line' id='line_1_49' title="bbox 2592 3189 3982 5485; baseline 0 0"><span class='ocrx_word' id='word_1_396' title='bbox 2592 3189 3982 5485; x_wconf 95' lang='lat' dir='ltr'> </span> 
     </span>
    </p>
   </div>
   <div class='ocr_carea' id='block_1_13' title="bbox 4075 3767 4386 3830">
    <p class='ocr_par' dir='ltr' id='par_1_13' title="bbox 4075 3767 4386 3830">
     <span class='ocr_line' id='line_1_50' title="bbox 4075 3767 4386 3830; baseline 0.006 -3"><span class='ocrx_word' id='word_1_397' title='bbox 4075 3767 4386 3830; x_wconf 75' lang='lat' dir='ltr'>Methodus</span> 
     </span>
    </p>
   </div>
   <div class='ocr_carea' id='block_1_14' title="bbox 4005 3846 4424 3985">
    <p class='ocr_par' dir='ltr' id='par_1_14' title="bbox 4005 3846 4424 3985">
     <span class='ocr_line' id='line_1_51' title="bbox 4009 3846 4424 3908; baseline 0 0"><span class='ocrx_word' id='word_1_398' title='bbox 4009 3846 4308 3908; x_wconf 73' lang='lat' dir='ltr'>aestimandi</span> <span class='ocrx_word' id='word_1_399' title='bbox 4336 3871 4424 3908; x_wconf 84' lang='lat' dir='ltr'>ve·</span> 
     </span>
     <span class='ocr_line' id='line_1_52' title="bbox 4005 3924 4290 3985; baseline 0.007 -2"><span class='ocrx_word' id='word_1_400' title='bbox 4005 3924 4290 3985; x_wconf 87' lang='lat' dir='ltr'>locitatem</span> 
     </span>
    </p>
   </div>
   <div class='ocr_carea' id='block_1_15' title="bbox 3868 3989 4424 4081">
    <p class='ocr_par' dir='ltr' id='par_1_15' title="bbox 3868 3989 4424 4081">
     <span class='ocr_line' id='line_1_53' title="bbox 3868 3989 4424 4081; baseline 0.007 -20"><span class='ocrx_word' id='word_1_401' title='bbox 3868 3989 3869 3992; x_wconf 8' lang='grc' dir='ltr'><strong>Ἴ</strong></span> <span class='ocrx_word' id='word_1_402' title='bbox 3943 4073 3945 4076; x_wconf 12' lang='lat' dir='ltr'>v</span> <span class='ocrx_word' id='word_1_403' title='bbox 4005 4002 4248 4081; x_wconf 61' lang='lat' dir='ltr'>quicum</span> <span class='ocrx_word' id='word_1_404' title='bbox 4275 4006 4424 4065; x_wconf 76' lang='lat' dir='ltr'>navis</span> 
     </span>
    </p>
   </div>
   <div class='ocr_carea' id='block_1_16' title="bbox 3996 4096 4396 4251">
    <p class='ocr_par' dir='ltr' id='par_1_16' title="bbox 3996 4096 4396 4240">
     <span class='ocr_line' id='line_1_54' title="bbox 4006 4096 4396 4175; baseline 0 -34"><span class='ocrx_word' id='word_1_405' title='bbox 4006 4096 4259 4141; x_wconf 83' lang='lat' dir='ltr'>movetur</span> <span class='ocrx_word' id='word_1_406' title='bbox 4296 4105 4396 4175; x_wconf 80' lang='lat' dir='ltr'>per</span> 
     </span>
     <span class='ocr_line' id='line_1_55' title="bbox 3996 4161 4395 4251; baseline -0.003 -32"><span class='ocrx_word' id='word_1_407' title='bbox 3996 4161 4210 4251; x_wconf 67' lang='grc' dir='ltr'>ιξαέὶιιιιι</span> <span class='ocrx_word' id='word_1_408' title='bbox 4257 4161 4395 4240; x_wconf 86' lang='lat' dir='ltr'>ligni</span> 
     </span>
    </p>
   </div>
   <div class='ocr_carea' id='block_1_17' title="bbox 4006 4259 4420 4315">
    <p class='ocr_par' dir='ltr' id='par_1_17' title="bbox 4006 4259 4420 4315">
     <span class='ocr_line' id='line_1_56' title="bbox 4006 4259 4420 4315; baseline 0.007 -20"><span class='ocrx_word' id='word_1_409' title='bbox 4006 4259 4157 4315; x_wconf 66' lang='lat' dir='ltr'>parvi</span> <span class='ocrx_word' id='word_1_410' title='bbox 4186 4260 4238 4296; x_wconf 77' lang='lat' dir='ltr'>ln</span> <span class='ocrx_word' id='word_1_411' title='bbox 4271 4261 4420 4298; x_wconf 63' lang='lat' dir='ltr'>mare</span> 
     </span>
    </p>
   </div>
   <div class='ocr_carea' id='block_1_18' title="bbox 3887 4318 4398 4395">
    <p class='ocr_par' dir='ltr' id='par_1_18' title="bbox 3887 4318 4398 4395">
     <span class='ocr_line' id='line_1_57' title="bbox 3887 4318 4398 4395; baseline 0.002 -21"><span class='ocrx_word' id='word_1_412' title='bbox 3887 4382 3889 4384; x_wconf 38' lang='grc'>,</span> <span class='ocrx_word' id='word_1_413' title='bbox 4002 4318 4072 4374; x_wconf 75' lang='lat' dir='ltr'>ad</span> <span class='ocrx_word' id='word_1_414' title='bbox 4090 4338 4275 4376; x_wconf 81' lang='lat' dir='ltr'>navem</span> <span class='ocrx_word' id='word_1_415' title='bbox 4297 4338 4398 4395; x_wconf 87' lang='lat' dir='ltr'>per</span> 
     </span>
    </p>
   </div>
   <div class='ocr_carea' id='block_1_19' title="bbox 4003 4393 4400 4474">
    <p class='ocr_par' dir='ltr' id='par_1_19' title="bbox 4003 4393 4400 4474">
     <span class='ocr_line' id='line_1_58' title="bbox 4003 4393 4400 4474; baseline 0.005 -23"><span class='ocrx_word' id='word_1_416' title='bbox 4003 4393 4190 4452; x_wconf 78' lang='lat' dir='ltr'>funem</span> <span class='ocrx_word' id='word_1_417' title='bbox 4218 4396 4400 4474; x_wconf 83' lang='lat' dir='ltr'>ligati,</span> 
     </span>
    </p>
   </div>
   <div class='ocr_carea' id='block_1_20' title="bbox 3955 4473 4423 4551">
    <p class='ocr_par' dir='ltr' id='par_1_20' title="bbox 3955 4473 4423 4551">
     <span class='ocr_line' id='line_1_59' title="bbox 3955 4473 4423 4551; baseline 0.004 -21"><span class='ocrx_word' id='word_1_418' title='bbox 3955 4506 3957 4509; x_wconf 89' lang='lat'>·</span> <span class='ocrx_word' id='word_1_419' title='bbox 4001 4487 4057 4530; x_wconf 69' lang='lat' dir='ltr'>et</span> <span class='ocrx_word' id='word_1_420' title='bbox 4079 4473 4423 4551; x_wconf 82' lang='lat' dir='ltr'>deglomcra·</span> 
     </span>
    </p>
   </div>
   <div class='ocr_carea' id='block_1_21' title="bbox 4000 4551 4400 4610">
    <p class='ocr_par' dir='ltr' id='par_1_21' title="bbox 4000 4551 4400 4610">
     <span class='ocr_line' id='line_1_60' title="bbox 4000 4551 4400 4610; baseline 0.003 -2"><span class='ocrx_word' id='word_1_421' title='bbox 4000 4551 4207 4609; x_wconf 84' lang='lat' dir='ltr'>tionem</span> <span class='ocrx_word' id='word_1_422' title='bbox 4253 4552 4400 4610; x_wconf 79' lang='lat' dir='ltr'>funis</span> 
     </span>
    </p>
   </div>
   <div class='ocr_carea' id='block_1_22' title="bbox 3996 4631 4453 4786">
    <p class='ocr_par' dir='ltr' id='par_1_22' title="bbox 3996 4631 4453 4786">
     <span class='ocr_line' id='line_1_61' title="bbox 3996 4631 4453 4707; baseline 0.009 -20"><span class='ocrx_word' id='word_1_423' title='bbox 3996 4649 4094 4706; x_wconf 80' lang='lat' dir='ltr'>per</span> <span class='ocrx_word' id='word_1_424' title='bbox 4129 4631 4417 4707; x_wconf 78' lang='lat' dir='ltr'>parvulum</span> <span class='ocrx_word' id='word_1_425' title='bbox 4448 4685 4453 4691; x_wconf 90' lang='lat'>.</span> 
     </span>
     <span class='ocr_line' id='line_1_62' title="bbox 4000 4707 4391 4786; baseline 0.003 -20"><span class='ocrx_word' id='word_1_426' title='bbox 4000 4707 4224 4786; x_wconf 79' lang='lat' dir='ltr'>aliquod</span> <span class='ocrx_word' id='word_1_427' title='bbox 4251 4722 4391 4767; x_wconf 85' lang='lat' dir='ltr'>tem·</span> 
     </span>
    </p>
   </div>
   <div class='ocr_carea' id='block_1_23' title="bbox 3998 4807 4127 4864">
    <p class='ocr_par' dir='ltr' id='par_1_23' title="bbox 3998 4807 4127 4864">
     <span class='ocr_line' id='line_1_63' title="bbox 3998 4807 4127 4864; baseline -0.01 -19"><span class='ocrx_word' id='word_1_428' title='bbox 3998 4807 4127 4864; x_wconf 71' lang='lat' dir='ltr'>pus.</span> 
     </span>
    </p>
   </div>
   <div class='ocr_carea' id='block_1_24' title="bbox 904 5487 4002 5602">
    <p class='ocr_par' dir='ltr' id='par_1_24' title="bbox 904 5487 4002 5602">
     <span class='ocr_line' id='line_1_64' title="bbox 904 5487 4002 5602; baseline 0.005 -43"><span class='ocrx_word' id='word_1_429' title='bbox 904 5487 1090 5561; x_wconf 70' lang='lat' dir='ltr'>Vnt..</span> <span class='ocrx_word' id='word_1_430' title='bbox 1148 5489 1285 5563; x_wconf 87' lang='lat' dir='ltr'>IV.</span> <span class='ocrx_word' id='word_1_431' title='bbox 2380 5496 2485 5573; x_wconf 84' lang='lat' dir='ltr'>X-.</span> <span class='ocrx_word' id='word_1_432' title='bbox 3722 5507 3919 5602; x_wconf 60' lang='lat' dir='ltr'>piunt,</span> <span class='ocrx_word' id='word_1_433' title='bbox 3951 5534 4002 5579; x_wconf 72' lang='lat' dir='ltr'>z..</span> 
     </span>
    </p>
   </div>
  </div>
 </body>
</html>
