4817 6659
433 747 500 839 178
841 766 1290 827 wtteaartorenr
1345 768 1608 847 snaatrr

480 940 588 1013 Vides
619 941 753 1038 itaque,
777 944 929 1041 amplius
962 953 1006 1042 ιζ
1034 946 1189 1020 milliaris
1219 948 1383 1021 accedere
1410 949 1500 1021 cruri
1531 942 1848 1042 mecodynamic03
1882 969 1963 1041 qnae
1991 965 2033 1020 ut

425 1040 488 1112 sub
507 1039 581 1135 ipso
598 1044 836 1138 aequinosliali
864 1069 884 1142 5
903 1044 1074 1138 scrupulis
1092 1047 1353 1144 longitudinem
1377 1049 1545 1131 evariant,
1574 1049 1621 1117 ita
1650 1047 1713 1116 sub
1741 1046 1905 1138 parallelo
1926 1044 2031 1117 sexa·

429 1142 563 1236 gesimo
582 1142 715 1214 faciunt
735 1142 896 1241 scrupula
915 1147 1003 1241 pend
1029 1172 1084 1223 ιο.
1109 1167 1142 1218 et
1161 1146 1253 1218 ultra
1273 1150 1475 1242 parallelum
1493 1145 1742 1243 sexagesimum
1761 1146 1892 1217 faciunt
1911 1146 2030 1218 adbuc

427 1241 590 1336 amplius.
646 1246 736 1315 llaec
762 1245 879 1315 obiter
903 1265 1036 1317 tantum
1058 1272 1198 1318 monere
1215 1246 1325 1317 visum
1344 1247 1401 1317 est.
1454 1249 1529 1331 Tu,
1550 1271 1614 1342 pro
1632 1245 1681 1315 tui
1705 1243 1828 1339 judicii
1846 1244 2028 1341 aequitate,

426 1342 549 1436 quanti
567 1367 607 1415 ea
630 1367 682 1414 res
708 1345 759 1432 sit,
785 1345 872 1417 tanti
892 1346 1038 1442 quoque
1056 1346 1117 1421 suo
1134 1350 1214 1419 loco
1237 1344 1421 1434 aestimato,
1448 1366 1583 1418 etcum
1603 1346 1724 1417 modu.

1068 1655 1383 1728 NOTA.

473 1852 594 1925 Cruris
613 1853 894 1949 mecodynamici
915 1852 992 1928 usus
1011 1878 1120 1938 rarus,
1147 1875 1206 1925 attt
1224 1852 1373 1926 omninb
1390 1857 1508 1928 nullus
1533 1852 1581 1924 est
1607 1852 1642 1927 in
1660 1853 1816 1926 cursibus
1842 1852 2027 1949 singulari·

423 1953 515 2036 bus;
544 1952 604 2026 ubi
633 1956 651 2025 ὲ
679 1954 823 2051 singulis
844 1954 1105 2051 longitudinem
1135 1955 1291 2027 debitam
1319 1954 1477 2026 invenire
1508 1952 1656 2050 cupias,
1695 1974 1736 2025 ut
1766 1953 1802 2024 in
1832 1954 1907 2050 ipso
1935 1949 2065 2028 mari'.

421 2073 541 2125 nautae
577 2053 738 2150 quotidie
771 2054 928 2128 assolent.
995 2055 1076 2127 lllic
1106 2053 1202 2125 enim
1229 2056 1448 2150 segmentum
1480 2055 1588 2128 cruris
1621 2051 1917 2147 mecodynamici‚
1946 2054 2026 2140 nist,

421 2172 587 2226 manente
603 2155 727 2227 eidem
747 2151 856 2227 cruris
887 2153 1163 2252 mecodynamici
1182 2155 1389 2250 quantitate,
1421 2153 1595 2227 latitudini
1618 2154 1852 2226 differentiam
1875 2151 1984 2227 aliam
2003 2156 2027 2229 a
2047 2195 2080 2224 -ι

419 2254 502 2326 dati
520 2251 682 2338 inducas,
711 2253 770 2325 uni
788 2254 1032 2351 parallelorum
1052 2279 1251 2351 congruum
1269 2253 1350 2327 satis
1368 2254 1414 2326 est
1441 2253 1658 2351 longitudini
1684 2254 1930 2327 inveniendae:
1960 2251 2060 2338 aue*

419 2377 502 2425 cum
522 2352 542 2423 ὲ
562 2352 723 2450 pluribus
739 2375 773 2426 et
799 2352 940 2425 diversa
958 2355 1112 2427 cursibus
1131 2354 1391 2453 longitudinem
1416 2356 1570 2426 conflare
1596 2356 1704 2439 voles,
1734 2373 1768 2425 et
1795 2352 1944 2450 quidem
1970 2355 2026 2430 se·
2066 2399 2086 2418 .-

307 2445 311 2455 ’
419 2453 491 2525 mel
515 2454 558 2524 ad
586 2472 787 2525 extremum
818 2454 981 2526 tantum:
1011 2453 1086 2527 illic
1104 2454 1199 2526 enim
1232 2454 1419 2529 necessarii>
1445 2452 1683 2542 adhibebitur,
1711 2456 2026 2550 quemadmodum
2057 2447 2086 2520 i

419 2576 461 2624 ea
487 2551 696 2648 generaliter
714 2552 778 2625 lib.
802 2577 833 2639 1,
861 2554 957 2626 dicta
985 2552 1087 2626 nobis
1106 2553 1196 2625 sunt.
1251 2557 1319 2627 Sed
1349 2575 1430 2626 ante
1457 2554 1586 2627 nautici
1612 2551 1714 2626 diarii
1737 2552 1893 2627 -sormula
1917 2503 2086 2670 nobis!

419 2649 483 2721 erit
501 2652 722 2747 explicanda,
752 2653 788 2725 in
816 2654 916 2750 quod
944 2652 1108 2727 cursuum
1128 2653 1296 2729 aestimata
1321 2652 1496 2752 quantitas
1515 2677 1549 2727 et
1571 2653 1755 2728 inclinatio
1771 2657 1816 2729 ab
1834 2654 1914 2753 ipfis
1930 2681 2027 2754 quo-
2040 2675 2047 2682 ··

419 2748 519 2842 ridie,
546 2771 582 2824 et
604 2752 742 2850 quoties
759 2776 850 2852 opus
868 2753 929 2844 est,
957 2753 1074 2828 tesetri
1101 2750 1199 2828 solet.
2057 2777 2085 2834 a

923 3170 1386 3247 PROPOSITIO
1437 3175 1504 3250 IV.

817 3392 1008 3488 premerin
1033 3398 1237 3471 itinerariam
1262 3405 1428 3473 nauticam
1454 3402 1620 3477 ordinare.

413 3609 660 3768 DIARI'A'
675 3608 816 3686 nautica
825 3614 853 3727 ‘i
872 3619 990 3715 peritis
1007 3640 1043 3694 et
1059 3621 1293 3722 diligentibus
1310 3625 1456 3701 navium
1475 3628 1648 3729 magistris
1664 3630 1783 3709 seduld
1799 3655 1834 3709 et
1851 3639 2018 3715 accurate

413 3806 421 3820 α
522 3711 683 3808 quotidie
700 3713 981 3825 conscribuntur,
1009 3742 1044 3794 et
1072 3750 1135 3820 per
1152 3724 1228 3797 suas
1250 3726 1372 3802 selides
1395 3754 1436 3801 ac
1466 3731 1648 3805 laterculos
1673 3734 1947 3834 dispunguntur,
1976 3765 2016 3816 ut

411 3809 496 3882 tnde
521 3813 641 3925 cursus
661 3814 823 3925 ‘consec’tt
848 3818 1129 3916 longitudinem,
1157 3826 1376 3915 varietatem,
1407 3828 1688 3923 inclinationem,
1715 3836 1936 3914 observatam
1966 3845 2015 3916 de

411 3911 506 3983 coelo
530 3913 769 4024 latitudinem,
796 3939 987 3993 ventorum
1005 3924 1120 4013 flatus,
1147 3924 1346 4020 impetum;
1373 3930 1458 4002 aeris
1483 3956 1630 4029 quoque
1653 3938 1887 4033 temperiem
1914 3962 1963 4031 et,
1989 3945 2016 4018 ῆ

410 4011 578 4131 ρυπεῆει
594 4014 673 4102 sant,
701 4038 783 4126 quae
804 4021 999 4095 accuratius
1017 4023 1130 4097 notari
1157 4028 1335 4121 expediat,
1363 4050 1402 4100 ut
1432 4030 1657 4127 conspeslum
1690 4038 2012 4131 promontoriorum

411 4109 663 4203 ansularumve,
689 4116 825 4189 curiose
845 4120 1072 4230 exprimant3
1099 4124 1209 4222 idque
1227 4126 1292 4202 isto
1309 4126 1380 4203 sere
1403 4132 1526 4220 modo,
1553 4158 1662 4230 quem
1693 4136 1749 4208 bic
1775 4140 1871 4212 verbi
1899 4146 2017 4238 grant

410 4233 579 4326 exparte
597 4215 799 4312 expressum
823 4221 949 4333 vides3
977 4243 1015 4294 ut
1034 4224 1176 4323 singulis
1203 4227 1368 4304 selidibus
1385 4230 1463 4303 suos
1483 4236 1521 4304 stt
1538 4234 1660 4308 titulus
1682 4234 1716 4307 in
1743 4234 1872 4328 fronte,
1908 4244 2010 4318 later·

409 4312 481 4385 cult
500 4313 626 4387 diebus
645 4319 816 4430 mensrutn
834 4344 916 4394 annt
933 4323 1114 4420 cujusque,
1142 4351 1215 4423 quo
1233 4332 1308 4403 haec
1329 4330 1452 4403 itinera
1475 4332 1521 4403 ab
1538 4333 1620 4431 ipsis
1643 4336 1723 4409 sunt
1750 4340 1923 4432 confecta,
1952 4370 2009 4418 re·

410 4409 615 4508 spondeant.
670 4417 723 4488 lta
740 4441 835 4490 enim
854 4419 987 4518 semper
1003 4424 1136 4498 itineris
1152 4427 1302 4503 confecli
1328 4429 1448 4526 spatia,
1477 4434 1500 4503 si
1527 4435 1642 4506 forsan
1663 4436 1798 4534 uspiam
1817 4442 2011 4522 titubatum

410 4512 658 4690 ρρέὓέςὶῦξξῗ,
676 4534 712 4590 et
729 4514 767 4590 in
784 4519 913 4595 tabulis
931 4520 998 4597 suis
1016 4526 1305 4627 hydrographicis
1322 4528 1535 4631 dispungere
1547 4557 1589 4607 ac
1610 4541 1812 4631 emendare,
1831 4541 1909 4641 ipsis
1926 4572 2011 4645 per·
