4817 6659
370 744 436 819 118
854 760 1428 816 inpetrato·

367 942 527 1014 tenebras
545 965 627 1013 cum
645 943 710 1015 blac
728 943 806 1015 luce
825 937 1057 1013 conferamus.
1111 940 1204 1012 Cum
1224 936 1317 1010 enim
1334 933 1409 1031 jam
1428 934 1565 1033 pridem
1593 934 1827 1008 Arabicarum
1844 956 1875 1007 et
1898 937 1958 1011 In·

366 1069 523 1140 dicatum
543 1070 711 1140 irrercium
744 1066 975 1161 monopolion
993 1065 1227 1137 Alexandrini
1253 1064 1289 1135 in
1320 1062 1443 1136 Africa
1469 1084 1502 1135 et
1532 1063 1612 1136 Asia
1641 1065 1860 1158 possiderent,
1886 1069 1959 1138 Ve-

367 1192 438 1265 neti
463 1194 497 1263 in
520 1193 661 1285 Europa
673 1221 682 1274 ;
711 1212 746 1263 et
765 1195 822 1281 (ut
841 1188 1001 1261 omnium
1021 1213 1137 1263 rerum
1154 1184 1223 1261 suae
1244 1184 1320 1261 sunt
1338 1184 1488 1282 periodi,
1515 1186 1594 1261 suus
1611 1208 1707 1259 ortus
1726 1208 1760 1260 et
1777 1188 1954 1287 interitus)

364 1344 447 1391 cum
466 1322 605 1391 tandem
635 1319 825 1414 aliqnando
849 1318 1048 1390 columbus
1075 1317 1108 1387 io
1136 1314 1340 1392 Americam
1367 1314 1591 1409 expeditione
1614 1313 1770 1411 suscepta
1793 1338 1953 1414 penetra·

365 1440 488 1511 tillet:
523 1442 674 1511 erlitani
696 1466 849 1537 quoqne,
880 1439 994 1511 rsstatis
1024 1443 1132 1533 longo
1153 1437 1300 1509 circuitu
1320 1457 1488 1510 terrarum
1507 1439 1765 1511 excurrentium
1784 1466 1953 1536 promon-

367 1568 475 1653 toriis,
504 1568 536 1635 in
556 1566 692 1637 Indiam
712 1565 944 1648 Orientalem,
970 1585 1004 1634 et
1024 1562 1148 1634 insulas
1173 1558 1409 1632 aromatiseras
1426 1560 1692 1656 navigationem
1721 1563 1953 1639 instituerunt.

364 1679 452 1762 lntle
483 1691 650 1787 paularim
682 1691 788 1763 accisa
815 1688 1141 1761 Alexandrinorum
1169 1688 1343 1780 portoria3
1371 1707 1405 1759 et
1424 1689 1639 1760 Venetorum
1672 1690 1866 1763 uberrimus
1895 1693 1953 1765 ille
2035 1718 2088 1788 gg·

365 1813 591 1910 vet‘ligalinm
610 1835 803 1909 proventus
831 1839 900 1884 noo
922 1812 1044 1906 patriam
1065 1810 1111 1882 est
1136 1809 1354 1882 imminutus.
1406 1810 1635 1908 Omnemque
1654 1815 1746 1885 lrunc
1763 1817 1852 1887 adei)
1869 1841 1951 1889 cen·

363 1933 440 2007 sum
466 1935 655 2008 Lubtaniae
675 1961 771 2030 reges
790 1935 823 2004 in
851 1934 951 2004 sunm
971 1935 1091 2005 liscum
1112 1934 1333 2028 redegerunt.
1387 1938 1508 2029 Atque
1533 1934 1594 2007 isto
1621 1935 1771 2008 successu
1795 1960 1829 2010 et
1847 1965 1949 2011 occa-

362 2062 455 2133 sione
482 2081 589 2131 totam
611 2058 866 2155 propemodum
888 2059 1070 2153 Errropam
1098 2058 1227 2127 multos
1244 2081 1353 2127 annos
1377 2056 1584 2154 vecligalem
1611 2060 1732 2131 habuit
1752 2061 1948 2156 Hispania:

361 2188 474 2259 donec
492 2188 634 2258 tandem
653 2184 661 2256 i
668 2184 723 2281 pse
744 2186 868 2255 Novus
894 2183 1001 2253 Orbis
1026 2182 1234 2280 (postquam
1251 2181 1329 2281 jugi
1348 2182 1436 2254 adei)
1453 2186 1518 2255 diri
1543 2187 1781 2280 deptrdnisset)
1809 2187 1885 2261 satis
1905 2189 1950 2261 iti
2085 2173 2089 2184 ⁵

361 2310 584 2380 volventibus
604 2309 638 2384 in
658 2308 773 2380 restris
793 2308 1026 2402 penetralibus
1054 2306 1326 2392 Amstelodami,
1352 2329 1459 2404 atque
1477 2307 1576 2393 alibi,
1603 2311 1725 2382 horrea
1747 2311 1959 2410 aromatlria¹
1994 2321 2001 2405 j
2057 2305 2070 2362 ’-

359 2458 393 2506 et
413 2432 616 2531 piperataria
635 2432 895 2528 propemodum
925 2430 1049 2525 ignaris
1069 2430 1168 2503 vobis
1187 2428 1413 2502 exstruxisset.
1466 2431 1547 2527 Qui
1570 2436 1831 2529 opportunitate
1852 2429 1951 2516 ἐπῖζ
1965 2465 1981 2502 .·
2005 2425 2023 2481 ἶ·

361 2557 438 2645 tati,
466 2556 656 2651 navigandi
688 2555 801 2627 studio
830 2556 990 2627 classibus
1016 2552 1133 2625 restris
1163 2553 1273 2626 maria
1302 2552 1421 2626 omnia
1447 2553 1693 2651 complevistis.
1748 2560 1835 2631 Inde
1859 2541 1952 2633 'a'deb

359 2678 509 2768 sadum,
535 2700 574 2749 trt
603 2679 762 2751 homines
790 2678 909 2764 nostri,
937 2676 1068 2772 quibus
1095 2677 1196 2748 antea
1219 2674 1305 2746 nihil
1331 2677 1412 2748 esset
1440 2675 1541 2749 inerti
1564 2677 1637 2749 otio
1666 2680 1853 2776 antiquius,
1881 2683 1950 2770 iam

361 2806 481 2876 omnia
507 2806 614 2877 maria
645 2804 838 2890 sollicitare,
876 2825 911 2876 et
937 2802 1123 2875 deficiente
1155 2804 1242 2874 terri
1272 2804 1307 2875 in
1339 2802 1413 2899 ipso
1442 2806 1587 2877 Oceano
1616 2829 1725 2877 errare
1759 2811 1950 2903 gaudeant,
2006 2834 2009 2839 ·

361 2946 465 2999 terras
484 2927 617 3025 ignotas
645 2950 851 3023 quarentes.
905 2928 1028 3023 Atque
1052 2927 1132 2998 hinc
1160 2952 1303 3023 quoque
1334 2949 1448 2999 tantus
1475 2928 1591 3000 vestris
1622 2930 1766 3002 urbibus
1788 2929 1952 3028 splendor
2027 2921 2083 3000 *³⁰³²

359 3031 509 3138 accessit,
548 3071 654 3146 atque
690 3052 825 3123 illarum
851 3049 977 3121 artium
1004 3051 1137 3121 cultura
1164 3049 1343 3146 singularis
1374 3073 1408 3121 et
1439 3050 1569 3122 eximia
1603 3051 1759 3139 emicuit,
1799 3079 1950 3149 quarum
2040 3116 2054 3150 ,ι

359 3173 537 3269 praeconio
565 3172 753 3246 Pboenices
781 3172 964 3269 tantopere
995 3171 1228 3244 celebrantur.
1281 3174 1378 3243 VOS
1395 3159 1515 3256 enim,
1543 3175 1704 3268 quamvis
1729 3177 1888 3250 maximo
1918 3201 1952 3251 et
2032 3187 2035 3192 '

358 3290 570 3364 difficillimo
588 3293 695 3380 bello,
709 3295 754 3365 ab
772 3291 867 3365 hoste
884 3289 1132 3389 potentiffimO,
1151 3290 1239 3363 terra
1256 3293 1419 3386 marique
1435 3291 1697 3382 distineremioi,
1719 3297 1949 3372 Academiam

357 3439 476 3493 tamen
507 3418 680 3516 Lugduni
707 3419 743 3491 in
771 3420 911 3492 Batavis
934 3417 1100 3496 erexistis.
1138 3417 1220 3489 viris
1250 3419 1487 3492 celeberrimis
1513 3439 1548 3491 et
1575 3421 1733 3494 doctrina
1759 3426 1949 3497 excellenti

358 3540 519 3637 undique
548 3542 714 3629 evocatis,
750 3566 902 3639 quorum
934 3540 1040 3635 operti
1066 3538 1222 3612 liberalia
1252 3540 1394 3636 ingenia
1424 3545 1685 3626 excolerentnr3
1726 3565 1760 3616 et
1791 3548 1950 3641 profedb

359 3663 456 3761 spem
486 3663 631 3737 vestram
664 3687 809 3738 eventus
836 3689 905 3737 non
938 3662 986 3734 est
1016 3662 1209 3737 frustratus.
1260 3665 1412 3738 Habetis
1441 3667 1536 3739 enim
1563 3667 1702 3765 ingenia
1730 3670 1776 3741 ad
1805 3694 1950 3743 omnem

360 3788 557 3862 doclrinam
582 3789 843 3887 percipiendam
862 3786 1036 3861 excitata:
1065 3786 1239 3875 homines,
1258 3787 1418 3885 inquam,
1446 3815 1516 3861 non
1541 3791 1654 3864 minias
1673 3816 1819 3890 gnaros,
1838 3795 1949 3890 quim

359 3915 574 4013 ingeniosos,
601 3918 661 4013 qni
680 3916 798 4007 omnia
816 3915 874 3987 sua
891 3914 1016 4002 studia,
1043 3938 1186 3985 omnem
1205 3938 1350 4011 operam
1367 3918 1410 3986 ad
1432 3916 1556 3987 Patriae
1582 3917 1724 3990 salutem
1743 3939 1777 3989 et
1803 3922 1951 3993 celebri-

359 4059 468 4113 tatem
487 4038 644 4113 conferre
663 4040 799 4113 summa
817 4036 1043 4110 contentione
1062 4036 1244 4107 nituntur:
1275 4037 1404 4132 quibus
1422 4039 1600 4128 omnibns,
1629 4063 1666 4113 ut
1687 4041 1720 4112 in
1739 4042 1897 4115 doctrina
1916 4067 1950 4117 et

360 4167 504 4265 ingenio
524 4170 653 4265 priores
680 4190 793 4265 partes
822 4190 892 4237 non
920 4164 1051 4236 inritus
1081 4163 1257 4248 tribuam;
1285 4163 1333 4236 ita
1362 4164 1504 4253 affeclu,
1531 4187 1565 4238 et
1591 4168 1712 4240 animo
1739 4168 1773 4239 in
1805 4173 1950 4266 patriam

360 4292 535 4393 propenso
553 4319 610 4364 me
632 4292 800 4388 cuiqnam
818 4289 1060 4363 concessurum
1080 4291 1244 4386 negabo;
1272 4308 1319 4372 et,
1348 4292 1369 4359 sr
1395 4315 1465 4361 non
1495 4293 1654 4388 adequor
1679 4314 1852 4389 quantum
1870 4298 1950 4393 qui·

359 4420 443 4490 dem
475 4440 611 4514 optem,
640 4435 674 4484 at
705 4411 838 4497 saltem,
877 4435 1047 4509 quantum
1078 4411 1261 4483 sedulitate
1290 4434 1324 4485 et
1351 4411 1515 4486 industria
1545 4414 1712 4512 consequi
1739 4438 1875 4513 potero,
1913 4420 1949 4491 id

361 4605 469 4654 omne
498 4580 580 4652 Deo
605 4596 638 4651 et
670 4577 797 4650 Patriae
826 4574 959 4648 sacrum
984 4578 1107 4649 lubens
1141 4574 1296 4646 offeram.
1348 4546 1476 4671 thque
1502 4575 1602 4673 bujua
1634 4580 1776 4653 affectus
1806 4582 1951 4677 aliquod

362 4709 492 4806 pignus
510 4728 644 4779 extaret
661 4734 671 4788 ;
699 4730 768 4777 non
789 4701 934 4799 quidem
953 4702 1039 4774 illud
1059 4701 1167 4774 vestri
1187 4700 1441 4796 Amplitudine
1459 4702 1622 4801 dignum,
1650 4707 1709 4778 nist
1729 4708 1790 4803 ipsr
1809 4733 1878 4777 non
1899 4708 1951 4781 in-

360 4832 509 4931 dignum
541 4830 606 4901 ell'e
625 4827 840 4909 voluiffetis;
869 4850 951 4899 cum
968 4825 1015 4897 rei
1035 4824 1218 4898 maritimae
1237 4848 1357 4896 curam
1381 4825 1470 4898 adeb
1487 4828 1593 4901 auxie
1621 4851 1654 4901 et
1684 4829 1826 4902 sollicite
1851 4857 1950 4928 gera·

360 4957 416 5043 tis,
436 4976 474 5028 ut
492 4953 597 5024 etiam
617 4951 707 5023 ulrb
725 4950 872 5045 praemiis
890 4949 1070 5045 propositis
1089 4972 1211 5019 omnes
1229 4949 1271 5018 ad
1297 4972 1375 5018 eam
1387 4949 1582 5043 juvandam
1602 4953 1955 5051 promovendamque

363 5077 532 5151 invitetis.
570 5074 690 5148 Vestra
708 5074 812 5174 igitur
828 5072 1026 5161 autoritate,
1054 5074 1194 5144 Ordines
1211 5073 1422 5164 Illustrifflmi,
1450 5098 1645 5170 permotus,
1665 5075 1873 5167 existimavi,
1894 5105 1952 5153 me

362 5227 504 5300 operam
526 5226 594 5272 non
614 5199 773 5272 inutilem
792 5217 850 5268 aut
866 5194 1114 5278 insrusluosam
1132 5197 1402 5282 collocaturum,
1432 5202 1451 5270 sr
1472 5198 1662 5296 navigandi
1682 5201 1775 5298 leges
1793 5208 1951 5279 accurati

364 5348 398 5398 et
418 5349 489 5395 non
509 5323 621 5397 fallaci
639 5319 931 5395 demonstratione
950 5321 1152 5393 instruerem
1170 5352 1180 5405 3
1209 5320 1304 5415 quod
1324 5318 1437 5415 ipsum
1457 5347 1601 5419 quoque
1619 5323 1783 5397 videbam
1802 5328 1894 5399 viros
1913 5329 1948 5401 in

363 5457 432 5530 hoc
449 5455 554 5528 douo
566 5457 712 5554 pulvere
727 5451 962 5598 versatisfimos
979 5449 1111 5546 semper
1128 5449 1228 5521 omni
1246 5448 1359 5523 studio
1373 5450 1439 5522 effe
1454 5471 1608 5524 conatos.
1644 5450 1836 5549 Postquam
1852 5454 1948 5529 enim

1755 5576 1951 5652 humanum
