4817 6659
432 742 502 824 184
840 755 1292 806 wittnnnoitni
1345 753 1611 806 sananti

427 933 675 1006 tellirnatoiuiii
697 931 891 1027 postulabit.
948 935 1080 1029 Neque
1097 937 1217 1006 tamen
1235 934 1301 1004 inc
1320 931 1479 1005 adhibiti
1498 930 1746 1004 emendatione
1772 928 1851 1002 satis
1871 931 2027 1022 conslat,

431 1059 549 1106 uirum
570 1037 713 1105 occulto
732 1034 792 1104 illo
814 1034 916 1105 maris
935 1057 1034 1104 mitti
1055 1034 1088 1103 in
1108 1056 1225 1105 ortum
1244 1061 1286 1106 ati
1307 1033 1340 1103 in
1359 1035 1535 1114 occasum,
1565 1036 1631 1103 lioc
1650 1031 1711 1114 est,
1737 1031 1961 1106 dextrorsum
1982 1061 2029 1107 an

430 1135 657 1207 liuillrorsiim
672 1134 893 1205 loxodromia
907 1156 965 1205 tun
978 1133 1137 1206 inclinet:
1155 1136 1269 1204 donec
1282 1133 1403 1228 aliquo
1416 1132 1600 1203 insularum
1614 1153 1673 1202 aut
1687 1153 1852 1203 terrarum
1866 1134 2029 1221 occursu,

426 1259 485 1307 mit
504 1263 546 1307 ex
566 1234 866 1305 ribl'ertiatienibiis
886 1237 1139 1305 navarchorum
1159 1235 1218 1328 qui
1239 1232 1273 1304 id
1295 1237 1436 1327 pelagus
1453 1232 1575 1324 saepiits
1590 1229 1910 1323 frequentaverunt,
1929 1233 2029 1306 didi·

429 1338 516 1407 ceris
535 1337 568 1405 iii
585 1361 693 1428 quani
716 1359 845 1426 partem
862 1360 1028 1427 aquarum
1049 1337 1181 1404 cumuli
1209 1331 1387 1403 serantur:
1419 1334 1450 1403 id
1470 1331 1565 1402 enim
1591 1329 1662 1401 fere
1682 1332 1714 1400 in
1736 1330 1802 1402 illis
1820 1332 1904 1403 locis
1923 1334 2028 1407 certis

428 1457 630 1531 temporum
653 1436 840 1504 interiallis
859 1458 1063 1528 perpetuum
1079 1432 1128 1503 est
1146 1455 1178 1502 et
1194 1432 1358 1504 solentne.
1387 1433 1485 1503 Talis
1500 1431 1620 1525 tuique
1637 1433 1740 1501 maris
1755 1431 1905 1527 impetus
1920 1459 2029 1509 nares

427 1536 445 1604 it
471 1535 725 1632 lepte-nitimini
747 1533 919 1603 tlttieritze
939 1532 1052 1604 littore
1072 1535 1190 1602 teritis
1212 1536 1378 1626 Angliam
1398 1531 1521 1603 furtim
1541 1531 1684 1626 abripit,
1705 1531 1765 1625 qui
1786 1532 1820 1600 iri
1837 1533 1908 1602 sinn
1925 1536 2025 1606 Alii·

427 1662 517 1706 enno
536 1636 621 1706 instit
635 1634 811 1704 (iuineam
830 1633 941 1704 veniis
959 1655 1076 1702 ortum
1091 1631 1212 1704 omnia
1228 1632 1297 1724 agii
1313 1653 1347 1702 et
1365 1633 1475 1727 rapit;
1492 1653 1596 1725 atque
1613 1633 1658 1702 ita
1673 1632 1746 1702 aliis
1760 1631 1796 1702 in
1816 1632 1900 1703 locis
1917 1633 2027 1705 etiam

426 1736 537 1807 aliter.
566 1735 685 1826 Hujus
704 1735 911 1827 exemplum
931 1736 997 1803 tale
1015 1732 1097 1802 esto,
1127 1735 1186 1805 ilb
1204 1732 1313 1802 intuta
1334 1734 1436 1816 Belli,
1456 1734 1563 1827 vulgi>
1583 1731 1631 1802 ita
1647 1731 1755 1814 dicti,
1774 1730 1836 1802 sub
1856 1735 2026 1827 parallelo
2066 1795 2073 1808 .

427 1863 471 1930 32
493 1836 525 1905 iri
544 1836 656 1905 littore
669 1834 894 1916 Ainericano,
910 1834 1115 1928 navigatum
1134 1836 1169 1901 lit
1191 1833 1283 1904 rtc'rii
1302 1833 1334 1901 in
1351 1832 1549 1918 meridiem,
1566 1852 1603 1902 ut
1620 1832 1819 1916 vitleliatur,
1832 1833 1943 1927 idque
1957 1833 2027 1906 iter
2044 1793 2099 2008 1

426 1933 562 2007 nautici
581 1931 811 2005 aellimatiotte
836 1954 971 2003 taxetur
993 1932 1198 2006 milliaribus
1219 1957 1279 2025 50,
1307 1956 1389 2025 quae
1407 1931 1537 2003 iaciunt
1557 1931 1808 2002 evariationeni
1828 1931 2026 2007 latitudinis

425 2063 445 2130 3
467 2060 519 2130 qr.
540 2059 585 2106 ιο
606 2035 664 2105 scr.
708 2034 817 2104 Unde
839 2035 943 2104 datur
958 2033 1024 2103 loci
1053 2030 1202 2102 latitudo
1221 2036 1267 2122 43
1290 2034 1389 2127 grad.
1417 2060 1464 2121 40
1484 2030 1542 2104 scr.
1572 2033 1628 2102 De
1652 2034 1744 2102 coelo
1761 2051 1878 2104 autem
1902 2031 2026 2126 obserf
2044 2023 2074 2128 ἶ,

425 2156 506 2207 vata
531 2135 601 2229 poli
630 2131 782 2205 altitudo
810 2135 847 2203 sit
867 2160 913 2223 aq
933 2157 984 2227 gr.
1012 2158 1058 2226 50
1078 2129 1138 2202 scr.
1167 2133 1261 2203 Curii
1286 2132 1344 2202 liic
1363 2132 1452 2203 adei)
1466 2156 1650 2203 enormem
1673 2129 1940 2225 discrepantiam
1969 2133 2026 2212 in,
2045 2139 2099 2230 ζμ..

423 2260 476 2307 ter·
499 2235 704 2312 aestimatam
736 2255 768 2302 et
801 2233 1019 2305 ‹bt‘ermtnn
1046 2231 1269 2303 latitudinem
1295 2233 1571 2321 deprehendam,
1600 2256 1669 2303 non
1697 2230 1870 2303 continui>
1886 2233 1931 2303 ad
1956 2221 2065 2328 obis?
2085 2233 2099 2290 ἰ

423 2335 593 2405 l'ervitum
627 2336 831 2429 parallelum
862 2334 1035 2413 transibo3
1064 2331 1122 2404 sed
1151 2331 1276 2403 iterirm
1306 2332 1508 2403 aelliniatani
1539 2330 1763 2403 latitudinem
1791 2356 1874 2403 cum
1902 2333 2028 2428 denuo
2051 2317 2099 2430 ἰ

423 2434 606 2505 ‹alaier-rata
626 2432 759 2528 postero
788 2434 846 2503 die
873 2433 1097 2504 contendam.
1153 2432 1226 2504 Hic
1250 2434 1272 2502 li
1301 2431 1437 2503 tarsitii
1473 2432 1773 2523 conjecturarum
1802 2432 1949 2505 abludat
1975 2441 2025 2508 ab
2061 2415 2099 2512 ’,ᾖ

423 2534 680 2616 observatione,
709 2552 742 2601 et
767 2532 958 2603 latitudinis
982 2532 1157 2603 aellimatae
1176 2531 1372 2603 dill'erentia
1400 2532 1526 2603 iteriini
1550 2528 1661 2626 major
1680 2533 1718 2602 sit
1745 2530 1947 2604 observati:
1980 2533 2058 2608 ld'.

422 2634 512 2706 tiitlii
541 2632 618 2703 satis
649 2631 713 2703 erit
744 2633 863 2703 inilicii
896 2632 1001 2709 maris
1030 2635 1155 2702 latente
1182 2632 1319 2726 inipetu
1351 2657 1476 2704 narem
1504 2631 1538 2702 in
1570 2634 1655 2702 latus
1680 2628 1803 2701 sutrini
1822 2634 2022 2728 abreptam,
2079 2677 2099 2710 ·.

422 2759 537 2831 neque
561 2737 624 2803 iub
654 2759 723 2803 uno
741 2733 939 2827 eodemque
965 2731 1161 2804 meridiano
1190 2732 1327 2803 cursum
1357 2734 1453 2806 liunc
1473 2731 1739 2804 continuatum:
1768 2729 1824 2802 setl
1853 2733 2025 2806 loxodio·
2088 2723 2099 2798 'i

421 2836 516 2908 mico
533 2833 653 2925 aliquo
673 2832 736 2904 iter
753 2830 968 2908 conseelirm.
1020 2837 1141 2929 Atque
1168 2830 1249 2904 idei)
1274 2858 1318 2904 cx
1336 2834 1416 2904 datii
1434 2830 1625 2903 latitudinis
1643 2832 1835 2904 secundum
1855 2832 2025 2922 obserraf

419 2935 553 3009 tionetti
571 2933 780 3019 differentia,
807 2954 840 3006 et
866 2930 995 3005 itineris
1011 2930 1176 3004 estimati
1193 2932 1388 3027 quantitate
1412 2934 1585 3026 angulum
1611 2930 1848 3004 inclinationis
1868 2933 2025 3008 investi·

419 3039 513 3135 gabo
532 3056 594 3131 per
610 3035 883 3130 propositionem
912 3048 1021 3106 „mam
1046 3033 1127 3105 libri
1157 3032 1288 3129 primi;
1315 3049 1351 3105 ut
1378 3036 1457 3104 enim
1474 3035 1583 3130 caesiis
1608 3034 1754 3125 estimati
1780 3031 1949 3123 milliaria,
1976 3037 2030 3107 ad

419 3136 628 3234 quadrantem
632 3135 858 3231 scrupulirum
873 3139 1030 3205 caiariarae
1046 3134 1247 3220 latitudinis,
1263 3136 1314 3204 ita
1330 3134 1371 3223 est
1386 3133 1498 3203 radius
1516 3134 1673 3221 adfinium
1685 3135 1896 3225 crmpi'eriieriri
1908 3137 2010 3231 arigiil
2018 3140 2025 3154 ’
2092 3195 2096 3208 .

419 3234 668 3308 inclinationis.'
688 3236 859 3306 Milliaria
883 3232 999 3305 curstis
1028 3232 1087 3304 hic
1105 3234 1233 3304 dantur·
1252 3257 1311 3331 50,
1339 3231 1501 3327 scrupula
1524 3232 1684 3305 evariatae
1714 3231 1905 3305 latitudinis
1937 3247 2027 3328 130.'

419 3336 533 3410 Unde
552 3334 745 3429 proportio,
773 3354 809 3405 ut
835 3358 881 3431 50
901 3334 946 3405 ad
971 3340 1050 3422 Ψ,
1075 3334 1123 3404 ita
1144 3357 1326 3407 100.0000
1344 3336 1388 3406 ad
1415 3334 1526 3404 sinum
1546 3337 1720 3427 65.0003‚
1750 3357 1878 3429 nempe
1895 3361 1944 3425 40
1965 3363 2023 3434 gr.

418 3460 465 3532 33
486 3435 547 3508 scr.
576 3433 674 3527 cujus
696 3436 1000 3529 complementum
1018 3461 1065 3528 49
1084 3457 1136 3527 gt.
1158 3456 1202 3528 27
1223 3434 1285 3506 scr.
1313 3435 1417 3505 datur
1435 3458 1500 3528 pro
1517 3435 1647 3531 angulo
1666 3433 1899 3506 inclinationis
1918 3461 2024 3531 quae.

419 3543 493 3608 lito.
547 3539 669 3630 Atque
687 3531 870 3628 hincjam,
888 3559 952 3630 per
970 3533 1244 3629 propositionem
1264 3559 1311 3629 30
1331 3534 1392 3606 lib.
1412 3534 1530 3627 primi,
1545 3533 1688 3606 dabitur
1712 3532 1880 3606 evariatio
1899 3536 2024 3631 longi.

416 3634 548 3707 tudinis
567 3637 730 3729 quaesita.
784 3636 941 3730 Nempe,
969 3656 1006 3706 iit
1024 3659 1155 3717 io,000
1173 3635 1218 3707 ad
1236 3635 1477 3731 quadruplum
1496 3635 1632 3707 numeri
1649 3633 1825 3722 canonici,
1855 3636 1913 3730 qui
1933 3637 2023 3712 huic

418 3738 662 3830 parallelorum
681 3736 860 3807 intervallo
873 3734 1043 3830 competit
1061 3737 1080 3807 a
1099 3762 1146 3832 49
1167 3759 1221 3829 gr.
1244 3757 1289 3826 50
1308 3735 1367 3806 scr.
1382 3736 1425 3805 ad
1448 3758 1492 3827 52
1513 3761 1564 3830 gt.
1579 3734 1722 3822 scilicet,
1738 3738 1821 3825 824.
1837 3738 1951 3829 8580,
1972 3737 2024 3812 ita

415 3838 590 3929 quadrans
607 3835 781 3932 tangentis
799 3836 915 3931 anguli
936 3836 1171 3907 inclinationis
1195 3847 1223 3919 ,l
1236 3844 1339 3924 lgffi
1353 3836 1398 3906 ad
1425 3835 1584 3932 scrupula
1604 3833 1835 3931 longitudinis
1853 3834 2025 3914 ei'ariatae

421 3940 580 4030 iydfigff,
608 3938 669 4030 qui
697 3937 773 4008 sunt
790 3939 920 4030 gradus
939 3961 975 4031 3,
994 3934 1056 4007 scr.
1075 3939 1155 4023 16·}.
1195 3937 1315 4006 Tanto
1337 3935 1453 4030 itaque
1481 3936 1666 4008 intervallo
1696 3938 1796 4008 {attio
1823 3936 2023 4010 meridiano

416 4036 556 4108 aliivitli
576 4035 743 4108 dire-rsus.
784 4036 916 4131 Neque
934 4057 1054 4106 tamen
1074 4037 1146 4107 ullo
1163 4034 1296 4107 indicio
1313 4038 1431 4108 adliuc
1450 4037 1595 4125 constat,
1624 4037 1656 4106 in
1683 4036 1844 4108 orit‘imne
1871 4061 1915 4107 an
1932 4039 2023 4111 verb

415 4136 534 4210 tersus
552 4131 842 4210 occaliitnlatens
869 4157 903 4210 et
931 4134 1198 4210 inobservabilis
1217 4136 1321 4208 maris
1341 4134 1394 4207 vis
1424 4161 1551 4210 navem
1569 4135 1771 4208 subduxerit
1790 4140 1809 4208 Ξι
1828 4158 1892 4207 tuo
1912 4141 2020 4212 nteri-

414 4239 535 4318 ‹liano,
565 4241 658 4308 unde
692 4237 843 4331 primitur
869 4234 1073 4310 discesseras.
1132 4239 1182 4308 Ut
1216 4239 1237 4308 si
1266 4236 1399 4333 scopuli
1427 4258 1486 4308 aut
1517 4236 1597 4309 saxa
1623 4236 1766 4311 latentia
1795 4259 1830 4309 et
1859 4240 1950 4308 vada
1981 4237 2021 4312 in

418 4341 621 4434 propinquo
640 4340 717 4422 lint,
746 4359 804 4408 aut
825 4336 933 4410 insula
950 4338 1069 4431 aliqua
1087 4338 1143 4408 vel
1161 4337 1316 4433 denique
1334 4361 1422 4409 terra
1440 4337 1637 4423 continetis,
1668 4337 1701 4408 in
1730 4337 1828 4429 cuius
1847 4336 2019 4414 viciniam

416 4439 523 4510 nosltt
549 4457 608 4508 aut
639 4436 835 4509 admodum
862 4437 1030 4510 nebuloso
1055 4438 1131 4510 aiire
1148 4439 1282 4510 delatus
1302 4441 1352 4520 sis,
1379 4439 1437 4509 hic
1456 4437 1551 4523 νειὲ,
1579 4438 1675 4532 quod
1706 4439 1819 4522 aiunt,
1848 4436 1935 4511 intra
1966 4438 2017 4512 sa-

416 4561 516 4609 crum
536 4559 572 4608 et
589 4534 670 4608 saxa
689 4536 908 4618 constitutus,
936 4537 1072 4612 summo
1093 4537 1127 4609 in
1146 4537 1346 4610 discrimine
1363 4536 1514 4609 verseris.
1569 4537 1639 4610 Cui
1670 4538 1767 4608 enirn
1794 4538 1829 4609 in
1861 4557 2019 4611 mentem

312 4645 321 4660 “
415 4637 532 4709 veniat
557 4639 693 4709 trintillo
712 4635 898 4708 intervallo
917 4657 1051 4707 tantum
1072 4637 1214 4732 periculi
1242 4638 1288 4710 ita
1316 4638 1460 4712 latenter
1487 4634 1678 4733 objeclunt,
1706 4639 1802 4733 quod
1833 4638 1929 4710 nullia
1959 4663 2016 4712 ra·

414 4737 511 4808 tione
529 4740 584 4809 vel
602 4740 621 4810 a
642 4735 842 4832 peritissimo
860 4739 1022 4810 naticlero
1040 4738 1142 4811 vitari
1161 4758 1220 4808 aut
1238 4738 1402 4812 declinari
1422 4739 1535 4833 possit.
1590 4739 1689 4810 Hinc
1716 4737 1806 4812 adei>
1823 4739 1941 4833 palam
1960 4741 2015 4824 fit,

415 4836 538 4933 quanti
556 4838 662 4910 etiam
682 4838 766 4909 illud
796 4841 834 4910 sit
862 4836 897 4910 in
915 4838 1035 4912 diariis
1053 4837 1199 4912 nauticis
1222 4837 1257 4911 id
1279 4863 1423 4936 quoque
1447 4839 1607 4914 accurate
1636 4838 1808 4922 annotari,
1835 4839 1897 4932 qui
1915 4839 2015 4912 venti

413 4937 645 5012 anniversarii
663 4938 809 5033 periodo
837 4937 874 5012 iii
903 4939 954 5012 liis
970 4960 1030 5012 aut
1047 4937 1113 5012 illis
1131 4940 1198 5012 oris
1224 4964 1415 5025 recurrant,
1443 4942 1556 5038 qualis
1580 4939 1683 5011 maris
1707 4962 1740 5013 et
1772 4939 1947 5012 undarum
1974 4941 2015 5012 sit

412 5038 572 5134 agitatio,
598 5059 631 5111 et
649 5061 783 5135 quanto
801 5061 959 5136 tempore
976 5064 1017 5111 ea
1033 5040 1111 5112 illic
1127 5043 1256 5124 duret;
1285 5063 1324 5115 ut
1350 5067 1394 5114 ex
1422 5045 1506 5116 anni
1533 5039 1738 5135 tempestate
1755 5061 1789 5114 et
1808 5040 1854 5112 ab
1872 5038 2016 5136 expeti·

412 5138 655 5222 entiltedoc'li,
679 5138 892 5234 cognoscant
926 5140 1088 5236 inquam
1121 5144 1263 5239 plagam
1289 5142 1392 5216 maris
1425 5143 1522 5214 unda
1548 5139 1752 5235 abripiatur,
1781 5140 1815 5210 in
1832 5141 2014 5228 ortiimne,

412 5263 456 5311 aii
476 5237 562 5311 vero
581 5236 615 5310 in
633 5245 805 5314 occasum.
858 5241 957 5336 Saepe
974 5239 1071 5312 enirn
1090 5263 1186 5313 mare
1204 5239 1318 5338 ipsunt
1338 5266 1399 5335 per
1416 5240 1773 5314 dilticida'intervalla
1793 5236 1890 5312 suain
1905 5240 2014 5316 etiam

412 5341 518 5414 habet
536 5339 691 5437 quietem
708 5341 886 5414 nonnullis
909 5342 944 5414 in
962 5340 1060 5416 locis.
1114 5341 1295 5437 Exemplo
1313 5341 1511 5416 unientem
1530 5340 1728 5438 explicabo.
1857 5436 1903 5509 M
1945 5440 1952 5454 ι

1905 5463 2013 5516 arinae
