4817 6659
877 751 1567 810 sirii.snrav.t.13.tt.
1942 760 2008 813 201

424 932 601 1020 ducenda,
630 929 714 1027 quia
736 929 875 1002 cursum
899 952 1085 1027 promovet
1111 931 1144 1003 in
1175 932 1340 1005 austrum.
1396 934 1444 1006 Et
1472 933 1554 1007 inde
1585 932 1815 1031 longitudinis
1845 931 2010 1005 evariatio

423 1057 448 1106 0
459 1060 512 1132 gr.
530 1040 547 1103 ll
563 1035 644 1118 scr.;
662 1056 740 1126 quae
754 1031 798 1101 est
814 1031 936 1102 itidem
950 1035 994 1103 ab
1007 1033 1290 1105 antecedentibus
1303 1033 1634 1130 subducenda,quia
1647 1034 1784 1105 cursum
1800 1033 1832 1101 in
1847 1031 2007 1107 occasum

423 1134 544 1208 contris
564 1133 707 1224 scopum
726 1130 890 1226 adauget.
933 1135 1057 1227 Atque
1077 1130 1124 1204 ita
1142 1131 1307 1228 utrosque
1326 1134 1385 1204 bos
1402 1131 1565 1205 numeros
1583 1132 1650 1205 suis
1667 1132 1752 1204 locis
1772 1129 1928 1203 reseram.

473 1262 630 1331 Odarus
653 1258 771 1330 cursus
798 1256 845 1329 est
873 1259 916 1328 Z.
940 1259 988 1327 0..
1012 1277 1037 1331 t.
1062 1257 1107 1328 Z.
1134 1257 1358 1330 loxodromia
1383 1259 1495 1348 tertia,
1522 1284 1601 1354 quae
1635 1279 1774 1331 notatur
1801 1260 1890 1331 linea
1921 1262 2006 1347 RL,

419 1360 468 1434 est
493 1357 696 1430 milliarium
721 1369 792 1445 2†;
821 1358 914 1428 unde
945 1356 1136 1429 latitudinis
1162 1356 1327 1429 evariatio
1355 1360 1456 1430 datur
1479 1383 1573 1455 ogr.
1598 1363 1646 1457 8}
1663 1359 1725 1434 scr.
1753 1384 1832 1454 quae
1864 1360 2004 1447 itidem,

421 1484 459 1532 ut
483 1484 604 1531 omnes
622 1458 864 1528 antecedentes
882 1456 1020 1528 cursum
1044 1455 1080 1527 in
1100 1459 1283 1528 meridiem
1303 1478 1498 1553 promovet.
1551 1459 1651 1531 Hinc
1676 1458 1907 1555 longitudinis
1925 1482 2007 1531 eva·

419 1561 519 1632 riatio
543 1560 738 1630 invenietur
755 1584 777 1629 0
796 1580 847 1650 gr.
879 1558 925 1643 8}
944 1554 1004 1628 scr.
1030 1578 1110 1651 quae
1129 1559 1267 1629 rursdm
1287 1580 1330 1626 ex
1353 1556 1511 1629 instituto
1539 1559 1676 1629 cursum
1704 1558 1821 1629 versiis
1845 1579 2007 1649 optatum

418 1659 564 1756 scopum
586 1677 782 1754 promovet.
809 1660 930 1752 Atque
948 1654 1028 1726 ideo
1053 1656 1100 1725 ita
1116 1654 1180 1726 suis
1194 1654 1280 1728 locis
1297 1653 1439 1729 reseram
1457 1682 1540 1729 cum
1559 1658 1663 1744 notis,
1691 1656 1764 1728 illle
1780 1658 1817 1744 S,
1845 1658 1903 1730 blc
1922 1662 1970 1732 A.

470 1785 598 1856 Nonus
616 1780 731 1854 cursus
754 1780 800 1850 Z.
819 1780 865 1849 O.
884 1799 907 1848 t.
927 1777 970 1849 Z.
998 1778 1046 1851 est
1072 1779 1316 1851 Loxodromia
1333 1779 1483 1874 ejusdem
1503 1780 1637 1877 generis
1661 1805 1743 1851 ciim
1762 1783 2005 1871 antecedente,

418 1883 557 1963 scilicet,
587 1880 826 1953 Loxodiomia
845 1878 959 1965 teriia,
979 1897 1014 1949 et
1031 1878 1231 1973 designatur
1249 1903 1310 1974 per
1328 1879 1456 1951 lineam
1474 1880 1569 1965 LM,
1597 1879 1800 1951 milliarium
1822 1901 1841 1976 5
1860 1916 1870 1966 ;
1897 1904 2005 1979 atque

418 1986 500 2057 ideo
517 1983 613 2053 dabit
632 1979 823 2050 laiiiudinis
838 1976 1088 2049 evariationem
1111 2002 1133 2049 0
1152 2001 1206 2072 gr.
1230 1981 1298 2067 16}
1315 1975 1377 2050 scr.
1403 1976 1688 2064 subducendam,
1717 2000 1749 2051 et
1771 1978 1855 2052 inde
1871 1981 2005 2056 evaria-

417 2086 549 2157 tionem
568 2078 798 2176 longitudinis
816 2103 839 2149 0
858 2102 911 2173 gr.
934 2084 1003 2170 17}
1025 2076 1086 2147 scr.
1117 2076 1331 2149 addendam.

399 2201 422 2292 ¹.
469 2208 640 2282 DeClmUS
665 2202 779 2277 cussffi
813 2202 921 2286 ΜΝ,
949 2202 994 2271 Z·
1022 2201 1066 2271 Ζ.
1095 2203 1143 2273 Ο.
1169 2201 1392 2275 loxodromia
1414 2200 1563 2277 secunda
1591 2204 1793 2280 milliarium
1822 2232 1881 2299 14,
1907 2208 2007 2281 dabit

376 2367 390 2394 ·‚.
418 2306 610 2381 latitudinis
626 2303 873 2376 el'arlaliossem
894 2324 917 2374 ο
937 2325 988 2398 gr·
1009 2304 1079 2397 51}
1104 2299 1167 2372 scr.
1193 2303 1237 2373 ab
1255 2304 1539 2377 antecedentibus
1567 2302 1843 2391 subducendam,
1869 2328 1901 2381 et
1926 2310 2004 2381 lon.

377 2395 589 2508 J'gitudinis
615 2404 865 2476 evariationem
882 2426 977 2497 ogr.
1006 2424 1050 2496 33
1070 2399 1132 2470 scr.
1159 2425 1239 2494 quae
1259 2402 1380 2473 itidem
1412 2403 1549 2474 cursum
1568 2407 1688 2478 versils
1707 2408 1824 2478 locutu
1843 2428 2005 2503 optatum

368 2543 376 2588 .·
399 2513 617 2605 'promovet
670 2508 792 2599 Atque
816 2500 897 2575 ideo
921 2524 1002 2571 curn
1034 2497 1101 2570 suis
1126 2501 1217 2572 notis
1242 2499 1306 2573 suis
1332 2500 1415 2572 locis
1445 2502 1603 2576 inseram.
1659 2505 1838 2577 Hactenus
1869 2509 2005 2605 integro

361 2603 383 2660 *³³
418 2607 604 2706 quatriduo
623 2603 657 2675 in
685 2603 768 2673 mari
789 2603 934 2672 Oceano
951 2598 1087 2694 jadaii,
1114 2601 1247 2672 nullam
1276 2602 1320 2673 de
1351 2602 1444 2674 coelo
1472 2603 1675 2676 observandi
1703 2607 1915 2678 occasionem
1945 2608 2006 2679 lra-

361 2772 363 2781 .
415 2708 547 2791 budi·e;
575 2728 669 2777 nunc
687 2702 828 2773 tandem
848 2698 982 2772 reddita
998 2697 1191 2788 serenitate,
1210 2719 1243 2771 et
1259 2699 1412 2773 discussis
1429 2703 1581 2790 nebulis,
1598 2701 1792 2777 observatio
1810 2705 1882 2801 ipso
1901 2706 2006 2779 meri.

415 2809 473 2886 die
491 2809 534 2881 ad
554 2804 659 2875 solem
675 2801 830 2874 instituta
845 2798 989 2870 exhibet
1007 2798 1077 2892 po'li
1095 2799 1315 2871 altitudinem
1327 2802 1374 2887 48
1391 2826 1444 2897 gr.
1460 2807 1505 2895 38
1519 2801 1579 2874 scr.
1608 2804 1715 2876 Hauc
1729 2829 1810 2876 cum
1827 2809 1879 2886 eal.
1895 2829 2004 2901 quam

414 2903 460 2982 'ex
480 2901 785 2979 loxodromiarum
804 2900 957 2971 cursrbus
975 2915 1008 2968 et
1027 2898 1218 2991 quantitate
1234 2898 1405 2985 derivavi,
1424 2904 1649 2974 contendam.
1688 2904 1829 2976 Additis
1842 2904 1936 2977 enim
1951 2906 2004 2976 la-

390 3006 574 3081 ·'tiiudinis
592 2998 862 3074 evariationibus
886 2998 931 3068 ad
949 2998 1099 3091 fingulos
1123 2995 1240 3070 cursus
1265 2996 1528 3093 pertinentibus,
1556 3010 1656 3096 (quae
1671 3001 1689 3072 ὲ
1706 3001 1871 3075 cursuum
1889 3028 2006 3101 quan·

414 3108 513 3181 titate
524 3106 600 3202 jam
619 3101 695 3174 sunt
712 3099 890 3181 derivatae,
914 3116 948 3168 et
965 3121 1087 3169 omnes
1105 3095 1334 3193 homogeneae
1353 3098 1387 3168 in
1416 3099 1598 3172 meridient
1617 3102 1637 3172 *a
1661 3101 1892 3198 septentrione
1917 3127 2004 3176 con-

361 3203 370 3254 ἰ
414 3210 590 3293 tinuatae,)
616 3199 759 3273 dabitur
775 3221 894 3268 earum
912 3194 1058 3283 summa,
1087 3198 1253 3292 agredus
1282 3217 1315 3269 et
1335 3200 1379 3290 58
1398 3196 1583 3294 scrupula3
1609 3223 1701 3295 quae,
1725 3201 1771 3273 de
1792 3200 1904 3297 primal
1926 3203 2004 3314 poli

413 3305 599 3380 altitudine
627 3305 661 3373 in
691 3300 820 3394 pundo
843 3300 877 3367 A
902 3317 946 3391 52
973 3318 1024 3389 gr.
1054 3318 1099 3391 25
1125 3294 1187 3369 scr.
1213 3296 1379 3383 dedusta,
1413 3299 1585 3395 relinquet
1611 3297 1835 3374 altitudinem
1865 3303 1937 3398 poli
1964 3302 2004 3375 N

415 3401 537 3502 pondi
555 3400 759 3473 aestimatam
783 3423 829 3490 49
848 3420 900 3493 gr.
928 3416 971 3489 ²7
993 3391 1057 3466 scr.
1106 3394 1220 3489 Atqui
1238 3396 1418 3468 observata
1435 3419 1506 3470 erat
1524 3397 1658 3470 tantdni
1677 3402 1723 3489 48
1743 3424 1796 3497 gr.
1820 3403 1867 3495 38
1887 3399 2004 3499 scrup.

414 3502 621 3580 Differeniia
653 3498 832 3592 utriusque
861 3492 910 3565 est
937 3519 984 3587 49
1012 3491 1266 3588 scrupulorum.
1318 3493 1352 3567 Si
1380 3494 1487 3592 igitur
1513 3498 1594 3569 huic
1616 3496 1746 3571 coelestj
1771 3498 2005 3574 observationi

367 3589 387 3632 '³
414 3606 538 3687 fidam,
564 3622 597 3672 ct
615 3601 660 3670 de
677 3597 750 3696 ejus
771 3592 955 3691 diligentias
975 3612 1087 3664 certus
1110 3594 1170 3665 sun
1189 3596 1287 3685 (eam
1305 3593 1401 3666 enim
1419 3594 1584 3689 postridie
1601 3599 1645 3669 ad
1672 3597 1792 3685 solem,
1818 3621 1878 3671 aut
1897 3602 2004 3673 noelu

413 3706 459 3779 ad
487 3704 589 3787 lixas,
617 3696 732 3770 iierail
762 3692 1004 3794 obser-vatione
1032 3693 1215 3787 explorare
1246 3694 1405 3788 poteris)
1436 3694 1509 3781 hle,
1545 3697 1725 3792 repudiata
1750 3698 1933 3770 latitudine
1958 3723 2005 3773 ex

413 3804 571 3875 cursibus
588 3797 768 3881 aestimati,
798 3815 924 3865 navem
942 3791 977 3863 in
1004 3794 1130 3871 tabella
1147 3818 1191 3865 ex
1209 3793 1246 3864 N
1267 3795 1397 3888 purislo
1416 3793 1448 3865 in
1469 3797 1673 3889 parallelum
1691 3796 1918 3870 observatum
1937 3798 2005 3870 [πρ

413 3900 614 3976 transferam
644 3897 706 3968 sub
735 3895 861 3966 eodem
894 3890 1089 3964 meridiano
1120 3893 1215 3975 NG,
1259 3914 1298 3965 ut
1326 3892 1546 3967 latitudinem
1577 3893 1725 3991 quidem
1752 3898 1796 3968 ad
1824 3896 2004 3972 coelesteiu

413 3996 692 4074 observationem
711 4015 922 4088 componam
939 4018 948 4073 ;
968 3990 1229 4085 longitudinem
1246 4013 1377 4080 autem,
1398 4017 1504 4088 quam
1524 4018 1568 4065 ex
1586 3994 1814 4070 loxodrotniis
1831 3995 2004 4085 derivavi,

413 4105 546 4175 servem
572 4098 745 4180 eandem,
770 4115 852 4188 qiiae
871 4090 930 4161 liic
954 4087 1037 4161 item
1064 4114 1109 4161 ex
1137 4091 1281 4189 smgulis
1306 4094 1459 4163 cursibus
1483 4115 1636 4184 eruetur,
1661 4096 1791 4169 additis
1817 4096 2002 4182 addendis,

413 4220 449 4275 et
466 4195 643 4273 subdudis
667 4191 901 4267 subducendis
912 4216 923 4274 ;
953 4190 1260 4286 quemadmodum
1280 4190 1338 4265 hle
1357 4192 1469 4265 vides.

885 4349 939 4488 gr.
982 4388 1046 4465 scr.

906 4515 935 4660 ἑ
987 4516 1034 4662 {Z

914 4711 929 4759 1
990 4712 1034 4762 10

914 4810 930 4857 1
987 4810 1032 4881 23

910 4910 935 4956 o
991 4895 1063 4982 17}

910 5008 935 5058 0
1013 4988 1062 5072 δὴ
