4817 6659
680 747 1449 812 seuerososacronu
1789 747 1859 827 ¹²5

263 956 338 1009 tres
355 934 455 1007 fuisse
472 932 618 1032 Cephea
641 954 674 1007 et
692 935 853 1007 Phinea:
880 960 920 1008 ac
937 933 1074 1031 Cephei
1093 933 1239 1033 quidem
1260 958 1422 1030 regnum,
1450 927 1643 1006 Phoenicia
1658 929 1778 1029 polleo
1797 955 1859 1003 no·
1874 952 1920 1012 De
1940 951 2039 1012 Perseo
2051 964 2080 1009 et

266 1060 351 1108 rnen
369 1035 532 1122 induisse,
560 1036 704 1107 eumad
723 1059 804 1107 eum
824 1035 920 1107 diem
939 1035 1098 1132 Joppei
1126 1035 1299 1107 maritimd
1328 1034 1469 1106 civitate
1486 1034 1700 1129 appellatum
1719 1031 1833 1105 suisset
1848 1057 1856 1102 :
1873 1030 2066 1093 numera

268 1136 511 1231 habuissetque
537 1134 676 1230 imperii
692 1133 862 1207 terminos
889 1136 907 1207 *a
937 1134 1022 1207 mari
1052 1133 1182 1222 nostro,
1209 1136 1252 1206 ad
1270 1158 1347 1205 eam
1368 1131 1475 1229 usque
1493 1134 1675 1215 Arabiam,
1704 1159 1782 1230 quae
1814 1132 1858 1203 ad

270 1236 494 1331 Erythraeum
523 1260 616 1306 mare
646 1236 806 1331 pertinet.
858 1234 976 1307 Fuisse
1007 1235 1092 1306 item
1120 1232 1267 1325 Cepheo
1299 1232 1425 1329 insigni
1457 1230 1717 1327 pulchritudine
1749 1232 1858 1304 sillam

263 1359 378 1430 quam
408 1335 505 1431 proci
534 1335 722 1419 ambirent,
748 1332 904 1406 Phoenix
934 1334 1100 1430 quidam,
1131 1353 1164 1405 et
1193 1330 1262 1430 ipse
1292 1332 1426 1428 Cephei
1454 1332 1557 1405 srarer
1588 1331 1752 1405 Phineus.
1807 1337 1857 1404 At

268 1435 470 1529 Cepheum,
491 1433 673 1531 postquam
692 1434 788 1505 varia
805 1427 851 1507 de
865 1454 1015 1531 utroque
1032 1433 1150 1505 secum
1169 1433 1241 1529 ipse
1257 1433 1511 1521 confiderdffer,
1532 1433 1695 1505 Phreuici
1714 1434 1858 1504 tandem

157 1599 163 1619 „
268 1535 488 1632 despondere
507 1532 614 1605 liliam
631 1532 789 1617 statuisse,
815 1556 855 1605 ac
876 1558 936 1643 per
954 1534 1035 1603 liliae
1062 1551 1201 1629 raptum
1227 1530 1498 1605 consentientem
1526 1532 1621 1604 suam
1639 1536 1860 1605 voluntatem

157 1629 161 1678 ἕ
264 1636 445 1731 obtegere.
500 1635 694 1727 Abrepranr
715 1632 820 1728 igitur
836 1631 936 1706 futsl'e
959 1657 1004 1705 ex
1032 1629 1162 1703 deserti
1191 1632 1343 1727 quddam
1375 1632 1483 1707 iusuld
1514 1633 1794 1718 Andromedam,
1824 1631 1860 1702 in

262 1732 514 1830 ·quamsoleret
535 1731 661 1801 Veneri
693 1731 854 1803 sacrificia
880 1734 1037 1803 oblatura
1061 1729 1230 1803 secedere.
1284 1732 1337 1801 lta
1363 1757 1445 1803 cum
1480 1731 1657 1803 Phoenicis
1682 1733 1782 1827 hujus
1809 1755 1862 1802 ra·

268 1829 397 1930 pientis
415 1832 494 1904 navi
516 1835 612 1927 (quae
630 1832 738 1902 Cetus
755 1832 848 1903 dida
865 1831 1009 1915 eumve
1026 1831 1046 1901 i
1065 1830 1162 1925 piscis
1180 1830 1272 1902 illius
1291 1830 1527 1911 similitudine,
1544 1832 1613 1902 srve
1631 1829 1709 1903 casu
1727 1832 1860 1928 aliquo)

264 1933 505 2004 Andromeda
526 1952 693 2026 tanquam
717 1929 880 2003 insciente
909 1950 1005 2026 patre
1022 1934 1243 2015 aveheretur,
1270 1930 1390 2002 misere
1408 1956 1485 2002 earn
1505 1929 1654 2023 ejuldsse,
1682 1931 1862 2027 opimquc

175 2039 179 2044 '
270 2057 354 2103 cum
371 2029 559 2125 lachrymis
576 2030 760 2102 invocdsse.
812 2031 931 2103 Adea
951 2030 1128 2116 Perseum,
1154 2028 1294 2103 Danais
1311 2032 1440 2115 silium,
1459 2028 1547 2104 sorte
1565 2028 1706 2102 fortuni
1725 2053 1863 2124 praeter·

157 2137 247 2232 3:22
271 2133 512 2226 navigantem,
540 2129 679 2202 cursum
700 2127 907 2202 inhibuisse:
936 2130 1123 2228 primoque
1141 2153 1226 2202 mox
1252 2132 1375 2223 puella
1403 2127 1581 2224 adspeuu,
1610 2131 1734 2227 pietate
1762 2131 1863 2203 sunirl

156 2222 248 2326 13:³2¹}
267 2222 450 2303 ¹'et'amore
479 2249 649 2325 captum:
679 2249 755 2300 tum
787 2229 970 2325 navigium
996 2230 1083 2303 illud
1101 2229 1178 2303 Ceti
1207 2228 1352 2301 nomine
1379 2231 1608 2326 expugnasse,
1633 2252 1666 2302 et
1694 2232 1863 2314 vectores,

156 2305 241 2436 ’ξ’
262 2327 407 2423 tairtitm
438 2355 508 2401 non
542 2329 578 2400 in
605 2328 759 2424 lapidem
788 2355 855 2424 prae
889 2353 983 2400 meru
1010 2329 1139 2413 versos,
1167 2328 1340 2401 occidisse.
1394 2333 1517 2427 Atque
1544 2332 1638 2402 hunc
1669 2330 1769 2402 illurn
1796 2330 1864 2401 esse

169 2423 408 2530 g'ssr‘Graecae
439 2430 568 2501 sabulae
598 2428 741 2517 Cetum,
773 2430 836 2501 hos
861 2430 1037 2515 homines,
1064 2429 1243 2527 Gorgonis
1274 2426 1348 2500 viso
1378 2431 1492 2523 capite
1523 2430 1557 2501 in
1590 2429 1669 2503 saxa
1700 2450 1863 2503 mutatos.

159 2533 185 2598 ..¹
194 2527 208 2564 '·
261 2527 560 2625 'Et'Palaephatus
579 2529 668 2600 libro
687 2528 803 2624 primo
827 2528 1042 2600 mirabilium
1060 2526 1294 2617 historiarum,
1323 2530 1405 2625 (qui
1431 2529 1522 2601 solus
1545 2531 1563 2602 ὲ
1582 2531 1739 2627 quinque
1757 2530 1863 2603 hodie

272 2627 455 2727 supereh,)
470 2628 618 2700 eandem
638 2628 794 2700 fabulam
811 2629 856 2701 ad
875 2626 1024 2700 historiae
1038 2628 1222 2701 veritatem
1240 2628 1345 2722 paulo
1361 2628 1461 2702 aliter
1478 2652 1628 2702 revocat.
1647 2633 1864 2721 Βελλεροφόντης

228 2728 248 2795 s
268 2731 380 2820 (poni)
398 2731 429 2802 niu
446 2729 562 2828 pptiprot
581 2731 662 2826 oiorip,
680 2729 716 2805 τδ
734 2745 829 2821 pto&
837 2729 1008 2819 tenplum,
1025 2729 1119 2806 κοιλδς
1136 2729 1313 2825 diffluit,
1331 2728 1375 2812 it,
1394 2736 1495 2803 asnoios
1508 2732 1721 2809 uuloontooiout
1738 2733 1864 2831 prinpio,

156 2855 169 2914 J
186 2893 202 2916 Ι,
273 2830 395 2924 ἔληῗζετο
417 2830 457 2900 roi
479 2829 723 2919 παραθαλάσσιοι
744 2829 847 2922 χῶριοι.
877 2829 971 2921 ὄνομα
986 2831 1016 2904 riu
1043 2830 1080 2920 τῷ
1095 2830 1189 2921 πλοίῳ
1209 2829 1376 2922 nimau&
1403 2830 1438 2905 tit
1456 2831 1507 2901 uui
1522 2834 1566 2901 uir
1581 2830 1680 2907 iuueni
1693 2863 1743 2900 τωι
1761 2832 1864 2901 nath·

157 2918 250 3022 res
267 2927 365 3021 ὄνομα
395 2931 468 3022 ἔχει.
522 2926 738 3019 Bellerophon,
782 2928 911 3023 inquit,
947 2944 1019 2999 erat
1048 2928 1174 3016 Phryx,
1201 2929 1306 3009 domo,
1330 2934 1393 3021 seu
1414 2952 1542 3022 genere,
1581 2931 1779 3016 Corinthius,
1811 2935 1869 3001 vir
1943 2931 1949 2943 “

161 3027 211 3087 .’“’“’
258 3030 425 3126 'formosus
449 3041 479 3097 et
499 3027 662 3114 strenuus,
688 3028 752 3122 qui,
772 3026 952 3117 fabricord
976 3028 1074 3121 longa‘
1101 3032 1196 3114 novi,
1222 3031 1239 3101 2
1268 3026 1346 3100 locis
1373 3029 1549 3099 maritimis
1570 3030 1701 3121 predas
1725 3030 1867 3123 agebam

189 3133 208 3219 ῥ’
272 3129 357 3199 navi
384 3149 490 3196 nomen
517 3140 590 3194 erut
620 3125 765 3217 Pegas03
801 3126 1059 3219 quemadmodum
1087 3126 1184 3198 ezion
1219 3150 1298 3199 nunc
1331 3125 1455 3198 dierum
1472 3127 1608 3223 fingulae
1636 3151 1735 3199 noves
1762 3146 1870 3200 nomen

272 3224 406 3324 aliquod
424 3227 617 3323 sortiuntur.
680 3224 732 3294 lta
758 3248 906 3322 quoque
935 3224 1079 3300 Troicis
1109 3226 1328 3323 temporibus
1354 3226 1530 3321 Tyrrheni
1557 3223 1737 3324 piraticam
1769 3250 1868 3302 exet·

273 3327 414 3414 cebant,
441 3320 716 3418 myoparonibus
744 3343 779 3395 et
807 3324 1005 3400 triremibus
1034 3322 1098 3398 suis
1129 3349 1226 3399 mare
1255 3322 1462 3413 infestantes,
1490 3349 1641 3423 quarum
1666 3324 1867 3402 triremium

271 3450 344 3499 una
361 3422 505 3496 nomine
524 3424 651 3518 Scylla,
678 3442 718 3494 ut
748 3422 896 3521 reliquas
922 3424 1087 3498 vincebat
1103 3425 1293 3517 celeritate,
1322 3425 1368 3498 ita
1385 3423 1487 3522 sopri
1505 3447 1627 3497 omnes
1653 3424 1870 3504 mercatoriiu

274 3524 423 3623 navigiis
446 3522 694 3596 insidiabatur:
728 3548 807 3597 eam
834 3524 1027 3613 triremem,
1054 3544 1093 3597 ut
1122 3526 1170 3598 ait
1201 3527 1435 3624 Palaephatus,
1464 3526 1605 3622 Ulysses
1632 3548 1666 3601 et
1694 3523 1868 3600 celeritate

274 3626 371 3702 navis
397 3623 465 3696 suae
493 3643 527 3695 et
545 3622 699 3696 secundo
717 3643 827 3698 vento
851 3624 947 3713 usus,
972 3622 1121 3700 felicitir
1137 3625 1264 3726 effugit
1280 3654 1288 3700 ε
1315 3661 1346 3704 ιιι
1362 3628 1414 3699 καὶ
1428 3633 1495 3705 onie
1510 3631 1617 3728 τςοοῖροις
1633 3633 1757 3723 τοοχῑοοο,
1784 3630 1820 3705 τό
1836 3662 1867 3701 τι

268 3726 370 3820 ,ὄνομα
386 3726 521 3795 Σκύλλα·
552 3723 623 3799 αὕτη
639 3726 655 3795 oi
672 3725 779 3823 τριήρης
806 3728 845 3797 roi
861 3728 953 3799 λοιτᾶ
967 3758 1020 3797 rur
1035 3727 1138 3800 endon
1155 3732 1392 3821 ιιιλλοιμζιιιιισοι
1407 3730 1553 3805 πολλάκις
1575 3728 1723 3826 εἰργάζετο
1750 3731 1866 3821 βροῖμα.

273 3830 364 3901 Huc
382 3826 567 3897 Poetarum
585 3822 750 3920 princeps
767 3824 928 3920 spectasse
946 3825 1100 3918 viderur,
1127 3850 1212 3899 curn
1230 3827 1294 3901 lib.
1313 3852 1348 3927 5.
1379 3828 1570 3917 Cloantho,
1596 3827 1660 3928 qui
1676 3828 1791 3928 Scyut
1809 3852 1868 3903 ve·

270 3928 437 4016 bebatur,
456 3920 640 3997 vidoriam
660 3923 804 3998 tribuit:

570 4110 719 4135 ····-··
737 4073 796 4148 illa
815 4074 914 4149 Noto
931 4075 1034 4152 citiirs
1052 4075 1264 4175 volucrique
1282 4075 1403 4175 sagittd

474 4173 537 4247 ad
557 4192 684 4246 terrum
703 4170 808 4271 sugit,
833 4195 869 4248 et
897 4198 1002 4275 portu
1021 4175 1055 4251 se
1080 4178 1244 4252 condidit
1269 4179 1354 4253 alto.

274 4332 319 4409 ln
335 4328 390 4428 his
407 4327 552 4428 quidem
571 4328 739 4406 haetenus
755 4331 954 4407 fabularum
971 4331 1151 4428 figmentis
1176 4332 1295 4406 omnia
1318 4330 1460 4406 fuerunt
1487 4330 1658 4407 involuta.
1713 4332 1763 4404 At
1792 4327 1868 4422 ille,
1891 4350 1936 4410 De
1954 4350 2016 4411 mor
2029 4351 2090 4412 Ar.

268 4430 337 4529 qui
362 4429 496 4526 primus
520 4429 681 4503 omnium
698 4432 803 4531 longi
829 4456 917 4504 nave
935 4431 1044 4506 maria
1069 4434 1228 4520 tentavit,
1251 4436 1386 4530 ¹quanti
1415 4432 1568 4506 nominis
1598 4431 1799 4505 celebritate
1830 4438 1865 4504 in
1880 4451 1929 4509 go,
1948 4440 1977 4490 et
1992 4432 2089 4511 Argo·

273 4530 462 4603 homiuum
481 4527 696 4603 sermonibus
714 4532 896 4604 versatur?
926 4551 1060 4629 quanto
1082 4534 1219 4607 ambitu
1247 4536 1471 4609 celebratur?
1500 4557 1536 4607 ut
1565 4534 1646 4608 vere
1670 4530 1783 4628 poetis
1811 4530 1863 4606 fa·
1879 4518 2024 4569 nautarum
2040 4525 2088 4569 ⁰¹·
2131 4528 2134 4534 ’

269 4631 439 4704 bularum
457 4631 644 4702 Oceanum
659 4633 831 4704 reclusisse
857 4632 1040 4705 videaturs
1878 4589 2030 4666 pensione.

475 4773 629 4847 Utinam
650 4799 694 4847 ue
720 4776 756 4849 in
783 4802 926 4850 nemore
949 4778 1053 4850 Pelio
1069 4778 1247 4853 securibus

473 4873 569 4950 Caesa
584 4874 761 4948 cecidisset
783 4878 936 4972 abiegna
951 4880 995 4950 ad
1011 4898 1141 4950 terram
1158 4882 1295 4952 trabes:

473 4977 580 5047 Neve
596 4974 679 5046 inde
696 4975 796 5049 navis
811 4977 1017 5049 inchoanda
1034 4978 1226 5050 exordium

439 5159 446 5171 ,
464 5072 659 5169 Coepisset,
685 5100 768 5173 quae
786 5101 879 5150 nunc
898 5078 1098 5150 nominatur
1116 5079 1263 5151 nomine

472 5180 588 5271 Argo,
608 5176 685 5270 -qud
703 5177 796 5250 redii
812 5176 941 5274 Argiui
960 5175 1092 5250 deledi
1108 5175 1175 5249 viri

472 5272 645 5347 Petebant
665 5276 756 5354 illam
777 5279 906 5376 pellem
929 5276 1125 5351 inauratam
1141 5273 1259 5354 arietis

465 5370 631 5462 Colchis,
658 5376 805 5477 imperio
826 5374 917 5477 regis
933 5378 1039 5453 Peliae
1058 5404 1121 5478 per
1135 5381 1279 5453 dolum
