4817 6659
808 754 1580 809 s'tsttttvotzotttctottr.
1916 748 1988 824 135

393 919 454 1007 cll,
481 942 624 997 centum
654 947 782 1021 nempe
810 927 845 1000 in
874 929 1034 1003 versum:
1074 930 1213 1026 fuitque
1239 929 1296 1004 hic
1324 930 1500 1026 remigum
1527 950 1708 1010 numerus,
1735 921 1826 997 illius
1853 922 1985 1017 duplus

393 1020 611 1116 sesquialter3
629 1046 673 1096 -et
691 1024 772 1101 idei)
790 1027 1013 1101 transtrorum
1037 1030 1074 1103 in
1093 1032 1279 1104 altitudine
1297 1030 1457 1103 distantia
1476 1030 1582 1123 paulo
1599 1024 1702 1099 luerit
1722 1021 1852 1117 major:
1887 1046 1986 1092 narn·

393 1144 464 1215 que
489 1124 547 1194 hic
565 1127 613 1196 ob
644 1126 908 1200 multitudinem
928 1128 1117 1227 remigum,
1145 1128 1323 1202 inferiores
1341 1129 1575 1224 superioribus
1601 1122 1749 1198 omnini>
1778 1120 1894 1219 subjici
1918 1145 1986 1214 po·

392 1240 546 1294 tuerunt.
597 1226 632 1296 Si
660 1224 695 1295 in
723 1223 786 1297 hac
805 1225 913 1298 oeteri
931 1227 1091 1300 distantia
1105 1228 1333 1301 transtrorum
1359 1227 1393 1299 in
1414 1226 1553 1321 singulis
1579 1222 1777 1307 ordinibus,
1804 1241 1837 1291 et
1856 1222 1989 1291 eodem·

392 1320 491 1392 versu
521 1341 618 1394 tanta
646 1322 760 1395 suisset
786 1347 917 1420 quanta
941 1324 976 1398 in
1004 1327 1065 1399 itta
1091 1327 1362 1413 tell'araconteri,
1391 1327 1577 1421 longitudo
1600 1324 1700 1417 hujus
1729 1320 1853 1416 osleris
1881 1316 1984 1390 facile

391 1444 466 1515 900
486 1422 593 1515 pedes
610 1426 834 1518 exaequasset,
862 1446 895 1496 et
915 1428 993 1518 plus
1009 1450 1117 1521 quam
1137 1429 1247 1521 dupla
1264 1427 1373 1497 suisset
1398 1426 1491 1497 illius
1511 1452 1521 1506 3
1545 1426 1642 1518 quod
1674 1418 1805 1492 nemini
1835 1419 1918 1489 sano
1947 1416 1983 1488 in

308 1611 310 1616 Ι
393 1540 547 1591 mentem
568 1524 684 1592 venire
703 1522 799 1617 posse
815 1522 1035 1597 crediderim.
1053 1526 1301 1623 Qamobrem
1323 1548 1359 1594 ut
1377 1524 1480 1618 huius
1500 1523 1684 1618 longitudo
1703 1520 1819 1591 minor
1835 1518 1989 1612 quidem·

297 1609 343 1722 {a
391 1613 511 1704 fuerit,
540 1644 648 1713 quam
675 1621 767 1692 illius
785 1624 1015 1720 quadraginta
1033 1629 1212 1708 ordinum,
1239 1624 1287 1694 ira
1310 1622 1474 1695 distantia
1500 1620 1803 1693 intertbalamitas
1831 1617 1920 1689 imos
1948 1636 1981 1686 et

297 1713 556 1789 ''··'-··.''tltranitas
574 1715 766 1815 supremos,
794 1747 863 1792 uon
884 1722 986 1794 suerit
1005 1722 1117 1793 multi>
1147 1722 1261 1792 minor
1285 1722 1517 1817 qnadraginta
1551 1720 1709 1815 pedibus,
1737 1736 1774 1786 ut
1800 1715 1887 1788 inter
1915 1718 1987 1786 stn-

296 1809 382 1916 3215
399 1807 494 1888 'ulos
511 1818 653 1889 ordines
670 1819 827 1914 quinque
847 1823 980 1916 pedum
998 1820 1156 1893 distantia
1173 1821 1375 1893 intercedat.
1428 1820 1488 1891 Sin
1505 1838 1622 1890 autem
1644 1818 1758 1887 minus
1781 1816 1926 1886 assumas
1944 1813 1981 1884 in

300 1943 329 1960 ··
356 1919 372 1940 ‘¹
404 1909 446 1990 m*
468 1918 549 1998 ulis,
574 1938 608 1987 ct
627 1920 709 1988 huie
728 1917 871 1990 summae
901 1919 981 1991 idei>
1006 1919 1140 2014 aliquid
1169 1944 1314 2016 quoque
1342 1921 1500 1991 decedet.
1554 1922 1603 1987 At
1627 1916 1688 1987 illa·
1714 1914 1982 1985 tessaraconteris

425 2087 430 2096 ,
464 2015 525 2104 itm
553 2016 790 2087 ollentationis
809 2018 919 2111 gratis
936 2017 1026 2091 sada
1045 2018 1198 2105 videtur,
1227 2043 1310 2090 cum
1328 2019 1388 2089 rix
1412 2020 1490 2089 loco
1507 2014 1568 2087 suo
1587 2032 1799 2099 moveretur,
1828 2013 1882 2083 sed
1903 2032 1981 2081 tan-

301 2033 448 2228 „ae'fftr
480 2114 709 2215 'aclilieinm
729 2115 795 2187 suis
813 2118 952 2189 sedibus
970 2120 1114 2189 affixum
1142 2120 1298 2188 haereret.
1353 2117 1476 2211 Magis
1503 2114 1590 2185 milri
1614 2117 1726 2208 placet
1755 2112 1980 2183 Archimedis

299 2201 470 2325 ¹„··'Zptnrlt
528 2214 665 2309 ia,.qui
685 2217 820 2286 tantum
838 2215 1097 2313 vigintiremenr
1126 2216 1161 2286 in
1191 2217 1320 2310 majore
1348 2218 1492 2311 navigio
1515 2211 1754 2296 construxerit,
1780 2235 1860 2306 quae
1891 2212 1983 2283 arte-u

297 2299 505 2398 ‘'balta
542 2313 720 2385 oleetiam
750 2313 956 2387 concinnius
986 2312 1252 2411 expeditiusque
1283 2340 1345 2409 per
1374 2340 1467 2386 mare
1492 2335 1665 2385 curreret:
1696 2334 1777 2382 nant
1808 2312 1983 2404 Syracusis

308 2411 357 2500 ,34-
391 2409 520 2528 Alexg
535 2412 648 2483 'titiam
676 2412 797 2508 usque,
824 2415 1154 2499 onustasrumento,
1185 2416 1381 2485 Ptolomaeo
1407 2413 1479 2509 regi
1504 2408 1791 2483 donomissael.
1836 2412 1982 2493 Verum,

338 2505 500 2609 (itit-'es‘
547 2536 615 2595 rus,
642 2512 703 2583 illa
726 2513 876 2584 ludibria
905 2517 1038 2585 tantum
1058 2513 1198 2585 suerunt
1218 2539 1339 2611 regum
1369 2513 1403 2583 in
1430 2511 1517 2584 mari
1547 2508 1809 2584 lascivientium.
1861 2513 1984 2605 Atque
1997 2552 2045 2612 De
2063 2554 2214 2613 modona.

297 2602 489 2710 ,ᾉ-’Ὓ-ᾐωέ
511 2597 635 2680 'lidem
663 2612 708 2681 de
738 2612 992 2698 inventoribus,
1021 2611 1280 2709 magnitudine,
1306 2631 1339 2683 et
1370 2609 1481 2684 form&
1512 2610 1656 2683 navium
1686 2634 1778 2682 nunc
1803 2627 2119 2709 utcunqucvigandi,
2139 2630 2187 2690 seu

351 2759 363 2778 ..
391 2707 464 2806 dixi
495 2708 688 2806 essuffieiar.
743 2712 905 2805 Superest
921 2732 959 2784 ut
976 2716 1166 2785 doceamus
1184 2712 1494 2808 quemadmodum
1512 2709 1651 2783 cursum
1681 2710 1717 2783 in
1747 2706 1869 2782 medio
1896 2706 2105 2800 maricursum
2126 2707 2214 2801 ,navia

297 2801 358 2912 :'‘i
392 2797 754 2906 teg‘sffirssituerint,
1996 2788 2144 2866 (tingendi,
2165 2808 2194 2845 δ’

297 2916 298 2924 ,
329 2943 355 2956 Ι.
389 2891 564 2964 ,3ka
1996 2866 2204 2944 pudvetmu

300 2965 363 3060 sp}
395 2977 458 3024 υἵ·
478 2967 557 3027 ·⁴.!..¹.¹’
591 2955 688 3027 ἄλοκα
702 2959 959 3058 Νηςεῖαςπλακός

413 3042 447 3097 ‚1

302 3150 304 3156 Ι
364 3069 534 3164 lep-32³3·
588 3060 737 3150 τέμνοντες,
764 3061 965 3159 airrssiraro'por·

314 3181 534 3314 ··'‘·.··bbl·.‘⁶
561 3187 581 3273 a
608 3208 739 3299 pedum
768 3232 937 3304 apparent
964 3206 1125 3304 vestigia,
1151 3232 1231 3306 quae
1263 3205 1369 3280 secuti
1397 3223 1557 3301 optatum
1585 3204 1648 3278 iter
1670 3220 1841 3311 tenerent,
1880 3224 1915 3278 et
1938 3208 1986 3281 ad

297 3301 314 3336 ’·
333 3323 346 3394 5
362 3371 366 3388 ,Ι
383 3277 513 3472 {'pssrlti's
530 3303 717 3379 destinatos
735 3309 970 3402 pervenirent.
1023 3309 1127 3381 Certe
1154 3307 1234 3379 satis
1264 3305 1409 3393 constat,
1438 3305 1531 3393 istos,
1558 3304 1619 3402 qui
1650 3303 1756 3401 primi
1785 3304 1890 3378 maria
1907 3328 1982 3379 ten-

355 3391 367 3418 '
386 3391 551 3473 1a'reaus1
570 3403 722 3489 suerunt,
750 3407 781 3478 ei
799 3405 830 3478 se
848 3408 972 3480 timide
997 3406 1227 3491 commistffe;
1254 3425 1288 3477 et
1305 3407 1443 3479 tantitm
1461 3405 1576 3477 littora
1595 3407 1718 3501 legere,
1746 3428 1860 3500 neque
1877 3403 1896 3475 ὲ
1915 3429 1983 3479 ter·-

390 3524 507 3571 rarum
526 3501 714 3597 conspeslu
734 3506 873 3602 longius
892 3509 1038 3601 usquam
1056 3507 1232 3579 discedere
1248 3505 1366 3577 solitos
1384 3535 1392 3576 :
1413 3526 1451 3578 ut
1469 3506 1571 3577 node
1590 3504 1771 3601 ingruente
1790 3503 1989 3600 inportuna

296 3597 300 3611 ⁴
392 3598 426 3670 se
444 3600 653 3696 reciperent,
680 3607 736 3675 vel
764 3608 799 3677 in
817 3604 890 3700 ipso
907 3606 996 3679 adei)
1015 3606 1130 3677 littore
1148 3605 1378 3701 quiescerent.
2003 3632 2024 3674 x

595 3749 654 3818 Sol
674 3749 741 3821 ruit
759 3750 903 3837 interea,
929 3770 963 3822 et
982 3772 1117 3823 montes
1135 3753 1343 3824 umbrantur
1362 3752 1476 3847 opaci.

594 3849 789 3922 Sternimur
806 3872 938 3945 optatae
956 3851 1092 3945 gremio
1109 3849 1242 3923 telluris
1259 3852 1302 3921 ad
1322 3852 1453 3922 undam

590 3948 710 4021 Sorriti
727 3975 854 4034 remos,
882 3950 1081 4047 passimque
1099 3951 1132 4020 in
1154 3949 1272 4022 littore¹
1286 3951 1375 4021 slcCO

594 4046 754 4143 Corpora
771 4075 957 4123 curamus:
986 4050 1089 4122 fessos
1107 4049 1209 4145 sopor
1226 4071 1378 4145 occupat
1394 4067 1501 4120 attus.

363 4251 367 4258 .
391 4200 510 4279 Quem
530 4220 665 4270 morem
686 4200 880 4272 etiamnum
900 4200 1005 4272 hodie
1025 4200 1127 4271 maris
1145 4198 1388 4272 mediterranei
1406 4200 1535 4271 accolae
1551 4196 1729 4292 usurpant,
1744 4216 1784 4269 ut
1800 4194 1991 4295 ingruente·

391 4296 594 4389 tempestate
621 4296 688 4370 sese
714 4300 835 4373 versus
854 4300 971 4372 littora
998 4299 1190 4395 recipiant:
1220 4324 1303 4372 cum
1331 4300 1436 4394 longe
1462 4295 1564 4368 saties
1591 4300 1629 4367 sit
1657 4316 1741 4369 tunc
1766 4320 1891 4367 navem
1910 4300 1988 4368 alto·

392 4396 479 4467 mari
508 4396 743 4484 committere,
769 4398 829 4471 ubi
860 4400 957 4470 nulla
980 4400 1153 4470 fluduum
1172 4399 1317 4495 agitatio
1336 4398 1525 4492 reciproca,
1553 4395 1683 4491 quibus
1702 4418 1804 4467 naves
1820 4398 1983 4490 quassan-

393 4515 448 4565 tur
466 4515 498 4565 et
516 4494 760 4569 dissolvuntur.
813 4499 1002 4595 Postquam
1022 4498 1230 4572 serberiam
1250 4498 1375 4569 animis
1404 4499 1447 4568 ad
1477 4520 1582 4568 omne
1600 4496 1796 4592 periculum
1815 4496 1982 4567 obfirma·

392 4593 448 4678 tis,
477 4594 510 4665 in
529 4597 599 4667 alto
614 4595 715 4683 mari,
745 4597 778 4669 in
800 4599 898 4669 navis
917 4599 997 4670 soris
1015 4621 1048 4669 et
1067 4599 1219 4671 transtris
1238 4598 1431 4694 pernoslari
1451 4615 1609 4689 coeptum
1628 4625 1636 4667 ε
1664 4617 1749 4667 tunc
1766 4593 1872 4666 etiam
1891 4616 1983 4667 tem·

392 4717 477 4787 pora
495 4695 708 4791 navigationi
728 4717 924 4791 opportuna
942 4720 1072 4784 notata,
1100 4719 1132 4769 et
1157 4697 1292 4792 legibus
1316 4698 1393 4768 sunt
1416 4696 1584 4778 definita3
1613 4715 1651 4765 ut
1678 4695 1749 4789 qud
1775 4690 1858 4764 anni
1888 4713 1981 4767 tem·

393 4791 522 4886 pestate
541 4819 644 4865 nares
662 4794 825 4883 subduci,
852 4819 885 4866 et
916 4796 987 4891 qui
1017 4797 1049 4868 in
1083 4823 1178 4868 mare
1196 4797 1323 4867 deduci
1349 4795 1530 4890 expediat,
1556 4796 1722 4866 omnibus
1739 4792 1882 4865 definite
1898 4821 1983 4868 con·

392 4891 503 4962 staret.
559 4894 611 4965 Ira
637 4894 671 4963 in
700 4894 783 4965 actis
803 4895 1014 4988 Apostolicis
1037 4921 1114 4989 cap.
1135 4920 1195 4988 27,
1225 4897 1322 4966 vides
1340 4893 1571 4987 navigationis
1589 4914 1731 4987 tempus
1748 4895 1983 4987 periculosum

392 5012 427 5062 el
455 4991 606 5062 intutum
640 4992 799 5065 censeri:
828 4996 953 5088 »ῥὸντος
976 4994 1026 5071 lla
1043 4998 1201 5082 ἐπισφαλὲς
1231 4998 1267 5064 τί
1292 4994 1398 5078 narie,
1423 4994 1471 5063 lul
1492 4994 1526 5069 τδ
1554 4994 1606 5064 καὶ
1627 4995 1677 5067 ‘triv
1704 4994 1807 5070 raetiae
1834 4992 1886 5069 iiia
1911 5028 1982 5066 πα-

392 5095 594 5190 ρεληλυθὼς
632 5118 712 5178 cum,
749 5094 875 5190 inquit,
903 5098 977 5191 jam
1011 5094 1079 5189 effi!
1113 5097 1281 5188 navigatio
1305 5094 1442 5187 periculi
1464 5092 1575 5185 plena,
1607 5092 1693 5190 quad
1717 5110 1840 5185 tempus
1862 5095 1984 5188 jejunii

394 5187 551 5283 (Judaici
578 5191 747 5287 intellige,
773 5193 916 5265 decimo
945 5192 1004 5265 die
1032 5196 1155 5265 mensis
1180 5190 1332 5287 septimi,
1361 5216 1434 5288 quo
1458 5191 1571 5265 hircus
1588 5192 1798 5291 expiationis
1814 5192 1985 5267 offereba-

392 5290 467 5377 tur)
479 5291 549 5386 jam
563 5294 775 5385 prateriiffit.
829 5294 991 5365 Eandem
1008 5294 1090 5364 anni
1120 5293 1363 5388 tempestatem
1383 5296 1418 5366 in
1437 5293 1557 5368 animo
1574 5295 1724 5369 habebat
1741 5295 1859 5392 posita,
1889 5291 1985 5389 apud

392 5411 498 5488 quem
517 5391 615 5463 Dido
638 5389 791 5467 AEneam
809 5391 935 5495 sugam
953 5393 1157 5469 molientem
1175 5392 1388 5491 increpitat:

1877 5490 1992 5595 an
