4817 6659
418 771 487 847 ηπ
565 733 570 746 ’
831 761 1269 820 wassasnoant
1325 762 1586 818 suanarr

410 944 501 1016 rium
536 950 757 1039 797,}2,⁴,².,3
794 929 873 1037 qlrae
898 940 946 1014 est
976 942 1091 1016 minor
1116 944 1205 1017 datis
1236 945 1308 1015 800
1329 940 1468 1015 :unde
1500 940 1643 1035 planum
1669 936 1728 1021 est,
1765 937 1853 1009 hanc
1884 935 2003 1008 novis-

413 1045 494 1115 sime
525 1042 734 1138 assumptam
766 1040 1028 1113 inclinationem
1062 1044 1228 1137 majorem
1259 1042 1326 1113 effe
1360 1039 1515 1134 quaesrtd.
1568 1036 1809 1131 Qramobtem
1839 1060 1921 1109 cum
1952 1060 2002 1107 err

412 1141 475 1214 ista
495 1139 698 1212 induciione
715 1139 852 1236 liquido
879 1140 1012 1213 constet
1038 1142 1208 1237 angulum
1238 1138 1473 1212 inclinationis
1488 1140 1651 1234 ‘quaesrtae
1681 1136 1766 1208 intra
1791 1138 1853 1207 bos
1879 1135 2000 1206 termi-

413 1264 477 1313 nos
496 1243 542 1311 66
561 1262 633 1335 gra.
664 1265 705 1333 15
725 1239 789 1310 scr.
813 1258 846 1312 et
871 1242 917 1310 68
938 1239 1035 1332 grad.
1063 1240 1229 1326 coerceri,
1257 1237 1375 1311 licebit
1392 1235 1514 1308 esidem
1535 1238 1591 1307 via
1618 1234 1722 1307 semel
1746 1235 1865 1306 iterata
1881 1233 2002 1308 adhuc

413 1338 626 1435 angustiores
649 1339 775 1410 limites
802 1340 896 1410 haud
920 1337 1121 1410 difficulter·
1137 1333 1345 1436 praefigere,
1383 1355 1422 1406 ut
1451 1337 1537 1408 intrb
1568 1335 1679 1405 unius
1703 1335 1831 1429 gradds
1860 1332 2002 1427 magni·

412 1440 574 1510 tudinem
608 1438 787 1509 inclinatio
813 1440 954 1532 quaesita
981 1452 1236 1534 cogaturs'aut
1264 1439 1438 1507 vernone
1462 1429 1539 1528 jam
1569 1459 1630 1528 per
1653 1436 1812 1529 regulam
1834 1430 2002 1503 salsarum

362 1588 372 1604 ,
415 1537 626 1632 posnionum
649 1561 692 1607 ex
721 1533 874 1608 inventis
896 1537 942 1607 ad
966 1536 1145 1607 minutum
1175 1536 1283 1629 usque
1305 1533 1563 1629 propemodum
1590 1533 1750 1618 delinire,
1783 1534 1852 1602 hoc
1879 1531 2002 1600 modo.

414 1636 505 1708 Crus
529 1634 858 1728 mecodynamicum
886 1634 919 1705 in
948 1634 1087 1731 singulis
1115 1633 1285 1731 parallelis
1310 1634 1375 1704 sub
1402 1630 1626 1703 inclinatione
1649 1634 1694 1702 66
1715 1655 1769 1725 gr.
1803 1654 1842 1723 15
1862 1628 1925 1701 scr.
1952 1627 2004 1701 est

412 1734 615 1806 milliarium
632 1740 796 1824 Q,
813 1753 848 1804 et
865 1732 948 1804 inde
964 1735 1202 1806 loxodromiae·
1214 1731 1390 1829 quantitas
1407 1729 1508 1826 supra
1525 1731 1666 1802 inventa
1680 1735 1878 1816 8044355,
1894 1749 2004 1798 exce-

412 1831 652 1922 ditsnmmam
672 1836 882 1928 propositam
904 1840 988 1915 800,
1009 1831 1217 1904 milliaribus
1234 1837 1409 1922 4,⁷,!,⁶-,¹„:
1438 1850 1485 1929 et,
1509 1828 1676 1914 fecundo,
1694 1826 1759 1899 sub
1778 1826 2029 1926 inclinationess

414 1936 458 2005 68
479 1935 577 2030 grad.
597 1933 698 2005 datur
715 1954 794 2002 crus
812 1932 1148 2025 mecodynamicum
1160 1938 1336 2019 &abl
1355 1930 1449 2002 unde
1461 1928 1695 2000 loxodromiae
1711 1925 1885 2021 quantitas
1898 1923 2025 2018 supra⁴

412 2031 480 2104 suit
496 2031 654 2104 exhibita
673 2030 873 2101 milliarium
893 2035 1106 2125 79759033„
1135 2047 1215 2125 quae
1231 2027 1401 2101 deficiunt
1418 2030 1466 2099 ab
1482 2026 1657 2122 expositis,
1683 2029 1754 2097 srve
1770 2024 1873 2112 datis,
1894 2021 2032 2130 (scili-{0

412 2151 481 2216 cet,
502 2134 608 2226 800,)
627 2129 822 2225 quantitate
841 2142 994 2217 2,⁴„⁹f„⁹„·
1007 2131 1226 2201 milliarium.
1260 2129 1339 2198 Hos
1355 2126 1476 2198 autem·
1492 2151 1669 2214 numeros,
1689 2150 1735 2197 err
1751 2123 1852 2219 hujus
1870 2123 2078 2236 regula-223

410 2229 575 2305 salsarum
597 2229 809 2326 positionum
832 2226 995 2314 formula,
1021 2227 1266 2299 ordinabimus
1289 2228 1357 2297 hoc
1384 2227 1507 2297 modo.
1981 2229 2078 2334 ''n-⁸1

734 2356 842 2395 satra
898 2366 931 2405 Δ.
964 2355 1097 2435 47062
1248 2344 1556 2415 *2⁹⁶¹⁵5⁶‘?⁷„⁴L
1693 2379 1696 2386 ,
1945 2318 2067 2398 '362‘OE

720 2402 859 2438 15'6556
912 2414 918 2432 ἰ
989 2400 1127 2438 ΤΠῑῖδ·
1310 2398 1550 2434 ΓΠᾙΠδσου

731 2454 842 2493 sisar
892 2488 932 2503 .-
967 2456 1097 2519 24059
1285 2449 1532 2515 19¹⁸⁰⁹J⁵⁰³
2058 2445 2078 2576 Ξ

711 2499 862 2536 Tar-orm
991 2498 1128 2536 τιςπσ·
1306 2494 1555 2533 ῚΠΠυΠπ
1945 2527 1955 2536 .

961 2652 1115 2737 his-’aleb
1280 2647 1556 2734 4r³s³02a⁶asss⁴sa⁷r

411 2780 537 2862 Unde,
564 2778 855 2873 multiplicatione
885 2782 927 2853 ad
959 2780 1127 2855 decuffim
1152 2778 1255 2865 faeti,
1281 2779 1460 2852 dabuntur
1484 2776 1620 2851 numeri
1649 2784 1938 2870 ιᾲξσίᾈέθ-Ᾰῆ,
1970 2800 2015 2854 et·

418 2884 711 2969 iffi-'ffissffl
738 2902 786 2968 et,
814 2880 898 2976 quia
913 2883 1008 2976 signa
1025 2878 1102 2953 sunt
1126 2877 1277 2964 diversa,
1305 2878 1368 2949 fiat
1390 2876 1537 2951 additio·
1589 2878 1699 2953 Unde
1716 2878 1857 2949 dabitur
1874 2878 2007 2953 divisor

414 2983 563 3075 7333„
579 2998 614 3048 et
633 2976 845 3051 dividendus
869 2981 1169 3071 4,³,⁷„t,⁶„„5²f„⁷„⁷,3
1196 2976 1268 3073 qua
1291 2973 1462 3053 divisione
1486 2976 1625 3073 peraeta
1644 2998 1679 3050 et
1702 2978 1744 3048 ad
1770 2977 2006 3051 suasmillesr-

413 3102 487 3154 mas
504 3073 676 3162 revocati,
702 3077 844 3151 dabitur
870 3099 1000 3187 quotus
1017 3084 1184 3165 ,9,‘’,¹,⁴,³„
1208 3100 1271 3171 pro
1296 3075 1501 3149 milliaribus
1528 3075 1693 3151 evariatae.
1717 3074 1947 3172 longitudinis
1965 3078 2005 3153 in

412 3178 555 3274 lingulis
590 3175 775 3285 parallelis.
825 3178 937 3273 Cujus
963 3176 1206 3272 quadruplum
1234 3171 1391 3274 a4o,572
1424 3172 1472 3246 est
1501 3194 1646 3271 tangens
1675 3174 1908 3248 inclinationis
1939 3200 2019 3271 pet:
2066 3209 2069 3214 ·

413 3275 665 3351 consectarium
696 3274 940 3369 propofitionis
964 3276 1042 3347 28:
1064 3275 1157 3346 unde
1186 3271 1258 3367 ipse
1282 3270 1517 3349 inclinationis
1544 3275 1693 3370 quaelitae
1720 3274 1869 3370 angulus
1898 3274 2007 3348 datur

414 3378 461 3469 67
481 3398 555 3469 gra.
584 3374 629 3445 26
653 3368 716 3446 scr.
772 3372 890 3469 Atqui
913 3371 996 3450 hinc
1019 3371 1159 3445 dabitur
1184 3397 1350 3447 nunurus
1376 3371 1564 3446 canonicus
1592 3398 1695 3471 1254:
1724 3377 1833 3469 0360,
1859 3391 1893 3445 et
1919 3398 2004 3446 eva.-

413 3472 515 3545 riatio
537 3469 728 3543 latitudinis
752 3494 799 3545 20
824 3494 880 3567 gr.
911 3478 984 3566 27}
1011 3471 1079 3546 scr.
1111 3492 1218 3568 atque
1239 3472 1473 3545 loxodromiae
1496 3471 1688 3568 longitudo
1712 3469 2006 3568 799r⁵a⁶a¹1¹llll²=

414 3570 520 3660 rium,
548 3595 631 3644 cum
648 3569 799 3644 debeant
821 3572 889 3644 esse
912 3576 995 3645 800.
1050 3568 1147 3670 Ergo
1172 3569 1293 3666 paucis
1314 3565 1685 3667 scrupulisliticlinatio
1709 3571 1770 3645 erit
1794 3569 1916 3666 major,
1944 3590 2005 3647 ut.-

414 3692 498 3767 pote
521 3675 566 3764 67
586 3670 683 3766 grad.
712 3691 759 3762 30
776 3669 838 3742 scr.
865 3670 1000 3755 errasti,
1026 3694 1133 3765 quem
1157 3671 1347 3743 terminum
1365 3671 1520 3745 calculus
1538 3669 1684 3743 iteratus
1698 3669 1892 3745 exhibebit.
1932 3671 2006 3745 Ea÷

414 3771 499 3842 dem
528 3768 586 3839 via
609 3769 744 3839 obtinet
771 3769 806 3839 in
839 3769 994 3864 reliquis,
1020 3772 1043 3840 fi
1068 3768 1155 3841 forre
1183 3768 1413 3840 loxodromiae
1444 3768 1585 3842 initium
1614 3770 1659 3843 ab
1677 3767 1749 3865 ipso
1767 3767 2006 3863 equinodiali

417 3891 489 3940 non
519 3865 688 3962 suma'tur.
737 3868 859 3964 Atque
887 3868 936 3939 ira
952 3865 1055 3964 hujus
1080 3866 1239 3952 tlreoriae,
1265 3888 1299 3939 et
1317 3870 1416 3940 srmiil
1441 3868 1521 3942 libri
1539 3867 1658 3965 primi,
1685 3862 1838 3942 finishic
1858 3866 1981 3942 ello&

459 4040 477 4074 ⁴
498 4036 567 4095 Hoc
583 4034 757 4094 Problemata
778 4037 931 4095 dodillimo
945 4037 1014 4104 viro,
1034 4037 1187 4095 Edmundo
1212 4036 1328 4115 Hall'ey,
1349 4058 1421 4095 anno
1434 4034 1553 4096 Domini
1575 4039 1658 4112 1695,
1679 4034 1725 4093 seu
1739 3995 1882 4113 phrsquam
1896 4034 2012 4113 septus»

439 4115 495 4174 ‘uta
508 4114 586 4173 annis
600 4115 660 4192 post
673 4114 788 4193 hujri'sce
800 4116 893 4185 Libri,
913 4115 927 4173 i
943 4114 1046 4173 Snellio
1061 4114 1165 4192 scripti,
1185 4115 1397 4193 impressionem,
1418 4114 1532 4174 eruditis
1547 4113 1661 4191 Angliae
1672 4114 1883 4174 Mathematicis
1901 4135 2006 4250 propo»

437 4209 497 4253 tum
511 4194 549 4250 est
562 4205 608 4250 tan
632 4214 694 4249 uam
708 4214 809 4251 novum
822 4194 935 4252 omnind
969 4193 1099 4262 roblema,
1112 4195 1189 4270 quod
1203 4216 1342 4271 nunquam
1354 4193 1433 4252 antea
1442 4207 1491 4251 aut
1503 4191 1684 4251 solutum-aut
1696 4190 1931 4251 etiamtentatum
1960 4214 2008 4254 ua·

417 4287 479 4331 rat:
502 4272 574 4328 unde
585 4215 679 4362 colligi
688 4270 777 4347 potest
788 4272 862 4330 hunc
878 4216 973 4330 Snellii
985 4272 1135 4330 trasiattrm
1149 4273 1184 4329 ab
1198 4270 1245 4330 illo
1258 4294 1397 4349 nunquam
1412 4272 1488 4329 fuisse
1499 4268 1600 4327 visum:
1624 4271 1700 4348 quod
1715 4285 1805 4327 tamen
1821 4268 1919 4328 mirum
1934 4292 2007 4349 quo·
2053 4307 2064 4318 ·

417 4349 566 4407 dammodo
581 4349 663 4405 videri
678 4349 779 4406 necelse
793 4350 830 4408 est
845 4349 872 4406 in
884 4350 994 4406 homine
1005 4350 1055 4428 qui
1070 4370 1123 4406 non
1135 4348 1223 4407 solilm
1237 4350 1263 4408 iri
1280 4348 1488 4408 Mathematicis
1503 4346 1631 4406 Sci'entiis
1642 4361 1700 4405 erat
1715 4347 1871 4408 multrlmet
1886 4348 2007 4408 feliciter

418 4426 549 4493 versatus,
561 4425 605 4483 sed
619 4425 702 4481 etiaim
717 4426 861 4503 navigandi
875 4439 962 4484 artem
976 4427 1142 4504 percalluille
1155 4427 1327 4496 censebatur,
1338 4426 1423 4484 immo
1433 4440 1461 4483 et
1476 4424 1541 4502 ipse,
1562 4440 1593 4482 nt
1605 4425 1679 4483 navia
1692 4426 1828 4502 magister,
1843 4440 2007 4486 exercuerat

417 4505 445 4561 in
459 4504 543 4580 longa
557 4502 730 4579 navigatione
748 4504 782 4560 ab
801 4504 844 4561 An
866 4504 901 4560 lia
921 4504 1053 4580 usquead
1067 4505 1180 4562 insulam
1202 4507 1311 4563 Sanslte
1329 4504 1532 4563 Helenaeurltra
1544 4502 1733 4578 AEquatorcrn
1746 4505 1834 4564 sitam.
1865 4504 1939 4562 Vide
1952 4504 2006 4562 ini-

417 4583 488 4639 tium
499 4581 634 4639 trasiattis
647 4582 834 4638 antecedentis
846 4526 967 4639 iru'tiloe
981 4583 1050 4640 tomi
1071 4583 1162 4660 quarti
1177 4586 1333 4660 Scriptorum
1350 4580 1620 4658 Logarithmicorrrm:
1641 4580 1669 4636 in
1684 4602 1739 4659 quo
1755 4583 1875 4639 tractatu
1891 4581 2005 4641 Solutio

418 4660 522 4715 diresta
535 4672 562 4714 et
578 4657 710 4735 generalis
725 4658 806 4734 hujus
818 4604 1009 4727 Problematis,
1033 4659 1091 4718 land
1105 4661 1256 4730 admodum
1279 4659 1386 4716 subtilis
1400 4678 1428 4716 et
1445 4657 1567 4724 abstmfi,
1588 4657 1744 4725 exhibetur,
1765 4673 1792 4715 et
1805 4658 1956 4735 pleniffimb
1976 4674 2008 4719 et

416 4735 624 4793 hrculenriffime
641 4735 814 4810 explicatum
836 4758 896 4813 quae
914 4736 929 4794 d
944 4737 1112 4795 solertillimo
1125 4737 1194 4806 viro,
1206 4736 1334 4815 Georgio
1349 4736 1488 4804 Atwood,
1502 4735 1544 4792 A.
1557 4736 1600 4793 M.
1619 4735 1698 4813 (ante
1712 4757 1797 4800 annos
1811 4736 1916 4812 aliquoi
1928 4738 2007 4813 apud

417 4812 656 4889 cantabrigienses
670 4813 789 4891 collegii
802 4816 911 4873 Sandae
925 4816 1073 4888 Trinitatis
1087 4815 1199 4894 Socim)
1222 4818 1309 4892 nupbr
1323 4814 1432 4873 inventa
1442 4814 1506 4883 fuir,
1526 4827 1554 4873 et
1569 4834 1677 4872 mecmn
1691 4813 1905 4871 communicata.
1926 4814 2006 4874 Haee

418 4891 531 4969 quidem
544 4890 650 4947 Solutio
677 4892 811 4968 generalis
823 4893 860 4950 esl
881 4892 994 4951 omnino
1007 4892 1166 4961 scientifica,
1186 4908 1214 4952 et
1229 4894 1266 4953 est
1281 4892 1353 4960 talis,
1374 4908 1404 4952 ut
1419 4892 1530 4970 opinor,
1548 4892 1659 4969 qualem
1673 4891 1801 4950 Halleius
1815 4890 1905 4950 videre
1924 4906 2008 4969 opta·

416 4986 502 5036 verat,
522 4981 550 5026 et
563 4969 708 5044 aquad'am
723 4969 788 5027 serie
799 4969 906 5028 infiniti
920 4970 1145 5048 Logarithmicrl,
1165 4971 1302 5049 dJacobo
1318 4971 1459 5051 Gregorio
1474 4970 1550 5039 ollm,
1565 4990 1637 5036 anno
1651 4968 1770 5027 Domini
1788 4971 1871 5044 1671,
1882 4967 2005 5042 inventi,

418 5046 564 5107 derivatur.
602 5046 668 5113 Sed,
689 5047 754 5104 licet
768 5049 829 5106 veri·
843 5049 993 5107 scientifica
1008 5050 1039 5105 lit
1054 5049 1101 5107 ista
1113 5050 1224 5108 Solutio
1238 5049 1381 5126 generalis,
1406 5052 1440 5107 ad
1453 5048 1516 5106 usus
1535 5058 1626 5104 tamen
1652 5046 1778 5109 nauticos
1793 5067 1847 5103 non
1859 5046 1915 5104 trlm
1926 5068 2006 5106 com·

419 5124 501 5182 moda
514 5122 565 5179 elle
578 5122 645 5179 milri
655 5124 763 5181 videtur
781 5126 863 5201 quiam
874 5128 1031 5203 praecedens
1046 5126 1140 5183 Sncllii
1155 5129 1265 5185 Solutio
1280 5127 1399 5206 ejusdem
1409 5124 1588 5203 problematis
1599 5124 1641 5181 his
1650 5124 1758 5201 paginis
1771 5124 1918 5192 declarata,
1960 5145 2006 5185 uoe

418 5222 473 5260 aon
485 5199 531 5256 nist
546 5202 678 5259 tentando
692 5202 850 5277 perficitur:
872 5207 1002 5283 quoniam
1016 5203 1076 5263 hae
1090 5205 1251 5270 tentamina,
1271 5223 1430 5281 quanquam
1444 5201 1686 5278 saepibsiteranda,
1699 5202 1788 5261 minus
1798 5202 1916 5280 exigunt
1925 5147 2006 5264 lilio·

418 5281 547 5356 alequam
562 5278 672 5353 simplex
687 5296 714 5335 et
728 5280 831 5339 diretta
845 5280 995 5359 applicatio
1009 5280 1151 5338 solutionis
1164 5282 1239 5339 illius
1248 5280 1393 5361 generalis,
1403 5292 1432 5338 et
1442 5280 1546 5348 tamen,
1555 5278 1582 5337 io
1597 5279 1652 5336 fine
1661 5279 1770 5354 calculi,
1781 5300 1825 5338 ma
1847 5280 2007 5352 tutudirrem

420 5355 512 5431 ariguli
528 5354 641 5450 quaesiti,
659 5354 704 5413 seu
719 5356 902 5416 inclinationis
918 5358 1115 5416 Loxodromiae
1130 5357 1164 5414 ad
1181 5357 1375 5425 Meridiannm,
1390 5378 1444 5414 non
1459 5354 1547 5413 minus
1562 5351 1658 5414 enasib
1672 5353 1816 5415 definiunt.
1858 5379 1873 5413 n
1889 5359 2007 5418 materiai

417 5436 511 5498 autem
524 5447 583 5498 tarn
596 5432 690 5498 subtili
701 5448 728 5493 et
743 5434 848 5499 dillicili
857 5452 972 5516 utraque
984 5435 1095 5518 Salutio
1105 5434 1182 5505 valde
1194 5436 1271 5516 utilis
1281 5439 1318 5498 ell
1329 5434 1471 5521 cpnsenda,
1481 5435 1612 5516 quoniam
1623 5435 1709 5496 altera
1718 5436 1832 5517 alteram
1845 5436 2005 5569 cpnfirmat.

1745 5588 1796 5663 ur
1813 5590 1827 5662 1
1849 5513 2007 5675 osii:-
