4817 6659
695 747 856 797 stru,
911 741 1130 800 BAN-V·
1185 742 1297 792 ata.
1344 741 1392 794 11·

729 1124 1194 1201 PROPOSITIO
1248 1123 1348 1195 Vlll.

242 1334 277 1403 Si
294 1333 379 1401 relll
395 1330 428 1397 itt
434 1330 677 1423 septentrionem
692 1343 748 1395 aar
766 1326 926 1396 meridiem
941 1323 1131 1396 contendenti
1143 1325 1254 1398 crtrsrls
1267 1325 1432 1419 qttanrilas
1445 1317 1597 1409 ,elimata
1616 1317 1657 1386 ab
1671 1316 1842 1409 obseruata
1912 1316 1916 1323 '

265 1449 450 1524 latitudinis
467 1453 667 1522 aporiatione
683 1451 847 1548 dytrepet,
872 1452 983 1520 cirratis
1000 1450 1087 1521 limes
1104 1451 1138 1518 in
1158 1448 1320 1541 observato
1333 1446 1492 1542 parallelo
1508 1446 1573 1513 erit
1590 1440 1825 1530 constituendus.

240 1651 442 1801 NAVIS
468 1672 511 1719 ex
537 1674 558 1720 a
584 1647 645 1720 sub
675 1649 841 1744 parallelo
861 1674 920 1747 50,
948 1646 1109 1745 digressa,
1137 1673 1202 1719 acu
1232 1647 1445 1718 monstrante
1462 1640 1533 1714 visa
1557 1639 1594 1749 stt
1619 1660 1737 1711 tenere
1762 1662 1842 1710 cur-

352 1748 427 1821 sum
459 1747 522 1819 sub
550 1752 677 1820 eodem
710 1748 914 1831 meridiano,
941 1771 1048 1843 quern
1076 1746 1218 1819 cursum
1238 1746 1336 1818 navis
1355 1744 1519 1840 magister
1537 1738 1744 1811 mtlliaribus
1762 1737 1844 1835 qui-

157 1901 161 1933 ,
196 1905 201 1912 .
240 1845 326 1920 dem
346 1872 405 1942 27,
433 1869 541 1920 taxet.
570 1850 622 1921 Ut
643 1870 759 1920 tamen
789 1848 856 1919 suae
884 1845 1120 1919 aestimationis
1138 1847 1321 1919 veritatem
1344 1847 1527 1941 exploret,

241 1947 417 2019 constituit
437 1947 590 2021 coetestes
608 1947 867 2021 observationes
889 1947 1055 2019 adbibere
1073 1947 1108 2017 in
1128 1946 1333 2030 confilium;
1361 1948 1380 2019 ὲ
1400 1946 1529 2042 quibus

240 2048 511 2143 deprehenderit
531 2046 561 2118 se
580 2048 643 2119 isto
661 2068 846 2121 momento
865 2046 986 2120 versari
1006 2045 1067 2118 sub
1086 2047 1250 2140 parallelo
1262 2070 1321 2141 5²·
1351 2047 1446 2118 Cum
1466 2044 1530 2143 igi-

228 2148 297 2219 ,πὸτ
314 2146 475 2221 milliaria
494 2168 539 2243 27
569 2146 744 2219 maritima
772 2148 920 2244 aequalia
944 2148 1021 2220 sunt
1043 2170 1057 2218 1
1081 2171 1135 2242 gr.
1161 2150 1209 2235 48
1230 2145 1290 2219 scr.
1317 2145 1467 2218 efficitur
1485 2170 1530 2217 ex

240 2248 306 2318 hac
324 2247 443 2320 curstls
462 2245 629 2320 aeiltmatlt
647 2248 852 2344 quantitate,
881 2246 994 2341 ipsum
1025 2245 1150 2318 versari
1171 2245 1235 2319 sub
1264 2246 1449 2319 latitudine
1468 2272 1528 2341 51.

209 2407 220 2424 .
241 2372 292 2444 gr.
313 2350 372 2435 48.
400 2367 452 2434 ut,
482 2350 583 2441 potis,
610 2350 642 2419 in
661 2353 699 2434 i;
727 2374 771 2419 ex
791 2347 978 2420 observatis
996 2368 1114 2418 autem
1133 2346 1167 2417 in
1188 2348 1321 2441 puncto
1347 2344 1445 2418 esub
1466 2371 1527 2442 pa·

158 2527 164 2534 ,
228 2449 364 2542 ·rallelo
397 2472 451 2541 52·
483 2451 564 2519 otto
592 2448 752 2542 scrupula
778 2450 879 2520 ultra.
944 2447 1091 2534 Contra,
1132 2446 1353 2518 staestimata
1382 2447 1531 2518 latitudo

156 2539 209 2656 ᾗ
241 2547 353 2641 major
379 2549 417 2618 tit
443 2546 639 2635 observata,
668 2547 876 2641 conjeeiurae
902 2548 964 2619 erit
992 2548 1251 2646 derogandum,
1281 2568 1315 2619 et
1344 2549 1442 2619 locus
1468 2547 1530 2618 sub

156 2721 205 2782 bs.

241 2647 423 2720 observato
449 2650 616 2743 parallelo
643 2649 883 2722 collocandus.
935 2646 985 2718 Sit
1012 2647 1107 2718 enim
1132 2645 1250 2720 cursus
1272 2645 1459 2719 aesliruatus
1482 2673 1534 2717 ao

241 2749 443 2821 milliarium
465 2773 506 2843 51
524 2745 580 2818 seu
600 2773 619 2842 3
636 2773 688 2843 gr.
713 2772 760 2836 24
774 2749 835 2820 scr.
866 2767 899 2818 et
917 2772 933 2816 o
952 2748 1126 2843 punstum
1144 2746 1250 2843 igititr
1266 2747 1328 2819 sub
1347 2746 1533 2820 latitudine

243 2873 289 2945 53
310 2873 363 2944 gr.
388 2872 434 2937 24
452 2848 513 2917 scr.
541 2868 576 2918 at
594 2846 789 2918 observatio
807 2849 944 2919 tantiam
961 2847 1101 2918 addicat
1121 2873 1164 2942 53
1185 2872 1239 2943 gr.
1272 2871 1313 2918 12
1334 2844 1396 2918 scr.
1448 2848 1530 2939 Jam
1549 2866 1646 2919 tanto
1671 2846 1845 2921 minorem

243 2949 415 3020 assumam
451 2947 688 3032 latitudinem,
727 2967 760 3018 et
797 2970 923 3019 navem
956 2947 1103 3019 statuam
1135 2947 1170 3017 in
1202 2945 1335 3043 punfto
1363 2971 1389 3016 e.
1455 2950 1577 3040 Atque
1607 2948 1653 3019 ita
1682 2948 1728 3021 de
1752 2948 1845 3021 coelo

243 3046 483 3143 conjelluram
516 3045 732 3119 emendabis.
797 3049 926 3140 Neque
955 3046 1036 3118 ideo
1070 3067 1187 3119 tamen
1219 3047 1295 3117 haec
1331 3043 1448 3117 curstls
1482 3046 1634 3118 confesti
1671 3047 1848 3121 divinatio

241 3146 379 3234 frustm,
407 3168 468 3219 aut
486 3144 657 3219 ineassum
677 3144 827 3219 instituta
844 3147 957 3218 videri
985 3147 1104 3235 debet,
1132 3145 1295 3243 quamvis
1322 3145 1381 3217 hic
1411 3143 1528 3218 cursus
1559 3144 1732 3235 mensura,
1760 3172 1848 3222 cum

195 3261 221 3319 “.
241 3248 336 3321 reeta
364 3251 397 3317 in
417 3244 689 3341 septentrionem
709 3267 769 3319 aut
795 3245 979 3318 meridiem
1010 3246 1215 3332 contendas,
1242 3270 1286 3317 ex
1318 3245 1392 3340 ipso
1418 3247 1509 3318 coelo
1536 3245 1684 3318 inveniri
1715 3249 1844 3343 politt3

242 3348 326 3445 quia
344 3372 389 3421 ex
407 3347 475 3419 hae
506 3346 768 3441 comparatione
795 3345 966 3441 paulatim
994 3367 1164 3441 quantum
1192 3343 1403 3442 conjetsturis
1431 3345 1587 3441 reliquis,
1614 3368 1648 3418 et
1676 3347 1848 3420 aellimato

241 3448 357 3520 itineri
384 3449 422 3517 stt
443 3445 673 3519 tribuendum
692 3471 737 3519 ex
761 3444 824 3518 usu
856 3446 1043 3543 cognosco.
1099 3446 1206 3545 Qitn
1224 3445 1327 3534 adeo,
1355 3446 1532 3541 fialiquot
1556 3448 1683 3520 diebus
1698 3469 1733 3519 et
1759 3471 1847 3521 noe·

241 3548 337 3622 tibus
365 3548 463 3619 nulla
490 3545 651 3619 serenitas
676 3547 858 3643 affulgeat,
887 3570 1003 3642 neque
1025 3547 1071 3619 de
1102 3549 1195 3618 coelo
1221 3546 1433 3619 observandi
1452 3546 1602 3644 potestas
1618 3550 1721 3622 detur
1736 3580 1747 3635 ς
1775 3550 1847 3621 hue·

241 3647 364 3745 utique
394 3665 565 3742 tanquam
592 3652 635 3720 ad
673 3646 803 3720 sacram
833 3648 1023 3719 anchoram
1057 3643 1121 3717 erit
1152 3645 1460 3745 confugiendum:
1502 3671 1547 3719 ne
1580 3649 1787 3745 imprudens
1814 3668 1850 3721 te

242 3749 376 3845 tufique
395 3771 452 3819 eas
471 3748 666 3841 perditum,
693 3772 778 3820 curn
795 3771 838 3820 eo
866 3747 943 3820 casu
963 3748 1102 3818 nullum
1119 3745 1248 3820 certius
1277 3768 1531 3846 argumentum
1557 3747 1692 3844 uspiam
1719 3745 1847 3845 suppe-

241 3868 304 3922 tat.
370 3847 550 3919 Caeterum
581 3872 666 3921 cum
695 3848 772 3920 haec
800 3845 1031 3945 discrepantia
1056 3848 1114 3920 vel
1157 3850 1178 3921 a
1208 3847 1326 3920 cursbs
1353 3847 1533 3944 inopinatis
1562 3849 1755 3921 intensione
1788 3870 1850 3924 aut

242 3950 453 4032 remissione,
480 3949 537 4019 vel
568 3948 614 4019 ab
644 3947 785 4022 occulte
808 3947 911 4020 maris
937 3946 1127 4043 agitatione
1155 3968 1190 4019 et
1218 3969 1319 4020 motu
1345 3947 1550 4043 obrepserit,
1578 3949 1614 4020 id
1633 3946 1781 4044 quidem
1809 3970 1849 4024 ut

241 4050 397 4149 ignores,
426 4046 615 4122 caelestium
641 4070 758 4138 tamen
775 4047 1011 4122 observationi
1038 4045 1241 4134 subscribes,
1268 4067 1302 4119 et
1332 4051 1400 4122 tuis
1417 4047 1625 4144 conjel'turis
1651 4048 1760 4121 sidem
1784 4048 1848 4120 de·

241 4148 399 4247 rogabis.
451 4146 555 4221 Certe
583 4145 746 4244 quidem,
773 4173 855 4221 cum
884 4147 1004 4221 cursbs
1022 4147 1203 4223 aestimatio
1221 4148 1405 4221 observatas
1423 4146 1616 4220 latitudinis
1634 4146 1850 4221 evariatione

241 4247 356 4346 major
383 4247 460 4332 erit,
489 4247 600 4344 idque
618 4247 756 4344 aliquot
781 4247 957 4321 continuis
983 4247 1107 4320 diebus
1130 4249 1292 4331 eveniat;
1321 4248 1465 4321 evidens
1492 4248 1553 4336 est,
1581 4273 1735 4321 errorem
1750 4249 1848 4320 hunc

242 4349 282 4423 in
299 4344 499 4443 conjellurfi
517 4366 551 4420 et
569 4347 798 4421 estimatione
816 4348 874 4420 tuit
904 4348 1059 4434 harere3
1086 4368 1121 4421 et
1153 4349 1172 4420 a
1200 4346 1303 4421 maris
1332 4345 1468 4443 impetu
1496 4344 1614 4421 cursus
1644 4349 1723 4421 velo
1749 4345 1851 4421 citati

242 4471 421 4523 remoram
445 4448 584 4521 ladam.
641 4452 692 4521 At
723 4449 912 4523 verticum
939 4446 1057 4522 minor
1083 4447 1148 4521 erit
1174 4447 1343 4533 aestimata
1369 4447 1487 4521 cursbs
1513 4447 1701 4545 quantitas,
1736 4449 1849 4546 quitus

243 4548 408 4623 evariatae
432 4547 624 4621 latitudinis
641 4548 834 4622 observatio
851 4547 1004 4635 addicat,
1030 4549 1088 4622 hic
1115 4547 1234 4622 cursus
1256 4574 1329 4623 non
1358 4546 1494 4647 semper
1516 4549 1553 4621 in
1583 4552 1712 4623 eodem
1739 4546 1851 4622 meri-

242 4649 352 4723 diano
376 4649 421 4721 ad
449 4646 550 4721 illum
570 4649 775 4745 parallelum
802 4650 1020 4722 revocandus
1044 4648 1108 4721 tibi
1126 4649 1204 4723 erit.

294 4750 543 4861 Quamobrem
566 4748 734 4820 Caurro
753 4748 814 4823 est.
868 4750 903 4822 Si
931 4750 968 4823 id
995 4749 1132 4845 saepibs,
1159 4772 1194 4822 et
1220 4751 1315 4846 quast
1341 4748 1517 4823 continuis
1543 4745 1851 4824 observationibus

243 4868 449 4945 contingat,
477 4868 515 4920 ut
541 4846 700 4920 aestimati
729 4848 845 4922 curssts
869 4850 1044 4945 quantitas
1060 4847 1285 4923 continenter
1302 4851 1419 4923 minor
1435 4850 1717 4947 deprehendatur
1734 4847 1850 4920 obser-

242 4947 327 5022 vatl
343 4945 540 5021 latitudinis
558 4947 770 5021 evariatione
788 4977 797 5023 z
824 4949 862 5022 id
879 4949 976 5023 enim
994 4948 1235 5024 indubitatum
1253 4948 1318 5023 erit
1337 4947 1526 5037 indicium,
1553 4970 1587 5022 te
1612 4947 1719 5023 maris
1749 4969 1851 5022 motu

243 5044 473 5122 transversim
500 5049 714 5145 abreptum;
742 5049 904 5145 quamvis
933 5073 1016 5123 acus
1039 5050 1237 5146 magnetica
1253 5047 1319 5125 sub
1338 5075 1411 5124 uno
1428 5048 1628 5148 eodsmque
1655 5046 1858 5122 meridiano

242 5145 386 5222 cursum
405 5146 602 5221 institutum
621 5167 755 5247 arguat.
809 5155 933 5247 Atque
950 5173 994 5224 eo
1011 5148 1091 5223 calu
1109 5151 1300 5249 prudenter
1316 5171 1351 5224 et
1369 5151 1618 5249 circumspesle
1644 5174 1690 5223 ex
1710 5147 1852 5246 quanti-

243 5268 316 5322 tate
333 5245 453 5323 cursus
469 5248 516 5320 ad
533 5246 757 5323 observatum
776 5251 996 5347 parallelum,
1023 5250 1286 5327 loxodromiam
1342 5277 1381 5326 ro
1410 5252 1607 5328 meridiano
1631 5252 1792 5332 assumes,
1818 5268 1854 5321 et

244 5351 421 5449 angulum
438 5341 727 5427 lbxodromicum
757 5375 902 5450 quoque
930 5354 1051 5441 talem,
1079 5353 1275 5451 quemadm
1328 5377 1389 5431 um
1419 5353 1456 5431 id
1486 5351 1666 5525 quantitqp·
1689 5347 1855 5423 corissum

1595 5476 1626 5526 ε
1660 5469 1854 5524 tmatorum
