4817 6659
418 758 487 834 186
828 773 1275 832 wtaoaaaoaot
1330 774 1592 828 auncurt

413 952 827 1031 frustraobludlantibus.
878 956 1122 1058 Qamobrem
1151 956 1222 1028 hoc
1252 952 1332 1026 calu
1352 949 1544 1049 periculosa
1568 948 1720 1048 petlaepe
1737 946 1784 1025 est
1809 947 2021 1047 huiusmodi·

413 1054 599 1154 navigatio,
627 1054 688 1128 ubi
722 1057 859 1128 nullum
876 1058 927 1129 tui
952 1054 1074 1128 erroris
1090 1074 1339 1151 argumentum
1361 1072 1541 1149 appareat,
1568 1071 1629 1123 aut
1649 1052 1957 1146 quemadmodum
1977 1075 2025 1128 re

413 1152 498 1229 hinc
522 1153 689 1253 expedias
706 1154 879 1251 liquebit.
932 1160 1054 1250 Atque
1083 1152 1173 1226 adeo
1195 1178 1266 1226 non
1285 1152 1372 1224 urile
1394 1153 1545 1238 tantum,
1571 1149 1754 1223 sedetiam
1780 1153 2016 1232 neceffarium

414 1252 567 1342 videtur,
594 1253 732 1327 cursum
751 1255 844 1330 ultro
862 1252 1022 1349 citroque
1046 1253 1245 1348 obliquare,
1272 1271 1312 1324 ut
1331 1249 1536 1323 correctioni
1563 1251 1602 1321 stt
1628 1249 1750 1321 locust
1779 1273 1863 1323 cum
1892 1273 2015 1326 autern

346 1361 352 1370 “
412 1368 447 1425 te
481 1378 552 1426 non
583 1354 736 1425 eundem
774 1354 976 1447 parallelum
1012 1353 1170 1438 tenuiffe,
1210 1375 1319 1447 quem
1355 1349 1592 1435 existimabas,
1631 1348 1829 1422 observatio
1863 1373 1986 1448 arguet
2002 1385 2024 1440 ς,

413 1454 532 1524 curlus
551 1451 736 1527 aestimatus
767 1451 961 1526 fecundum
987 1450 1180 1537 observata,
1206 1452 1256 1524 ita
1282 1471 1320 1523 ut
1345 1449 1514 1547 deinceps
1542 1450 1696 1539 dicetur,
1722 1448 1787 1523 etit
1814 1450 1878 1524 tibi
1897 1455 2017 1526 corri-

413 1552 565 1649 gendos.

932 1846 1397 1922 Pnorostrro
1447 1848 1495 1921 x.
2005 1803 2089 1992 '⁴

415 2055 452 2125 Si
476 2052 550 2121 aaa
581 2050 762 2148 magnetica
789 2048 914 2120 dadum
930 2052 1062 2140 seratas
1090 2049 1288 2139 aestimatioae
1314 2049 1374 2117 tud
1385 2045 1452 2143 sab
1477 2044 1580 2116 eadem
1591 2044 1750 2140 parallelo
1767 2044 1949 2142 decurriffe,
1975 2071 2025 2121 err:

464 2178 642 2269 observatis
659 2188 766 2243 aarum
783 2187 816 2243 te
832 2199 899 2245 etan
916 2198 972 2245 nan
991 2173 1127 2267 teaasse,
1145 2170 1382 2267 deprehendam
1408 2183 1550 2239 manaae
1576 2169 1688 2240 carreis
1712 2171 1871 2259 aessimatd
1883 2177 2018 2267 quanti·
2050 2239 2058 2252 ,
2078 2177 2089 2248 ,“

465 2318 535 2370 tare
551 2317 705 2392 tanquam
723 2320 817 2370 crare
834 2292 1495 2390 arecodynaatico,latitudinemstcaadrlm
1520 2292 1685 2391 observata
1702 2294 1857 2383 mutabis,
1883 2311 1916 2368 et
1940 2281 2023 2372 iada

463 2423 669 2521 longitudinis
685 2423 919 2493 evariart'anem
937 2421 1073 2508 dalaias.
2070 2397 2077 2406 ⁸

456 2619 611 2693 Dcnim
639 2619 752 2692 solum
772 2618 924 2691 maxime
955 2619 1225 2692 consentaneum
1256 2616 1862 2715 supradictispropolitionesextd.
1914 2616 2025 2694 Curru
2084 2605 2089 2628 ⁵

478 2719 573 2793 enim
592 2721 626 2791 in
646 2718 761 2791 curltls
779 2720 883 2814 plaga
901 2720 1089 2793 ncceffarib
1105 2718 1162 2791 nic
1180 2721 1219 2789 lit
1237 2739 1405 2809 erratum,
1435 2744 1498 2815 pro
1522 2719 1688 2813 parallelo
1706 2717 1887 2805 aestimam,
1906 2718 2015 2790 loxo-

413 2818 553 2892 dromia
577 2820 640 2889 crit
670 2818 918 2902 substituenda,
958 2820 1057 2915 quod
1086 2817 1199 2913 ipsum
1224 2819 1376 2891 evariata
1404 2818 1555 2891 latitudo
1587 2819 1772 2914 coarguit:
1814 2817 1872 2889 sed
1904 2816 2027 2893 istumr

413 2942 561 2991 errorem
581 2918 641 2989 soli
663 2922 774 3014 plagae
792 2920 967 3014 imputare
986 2937 1020 2990 et
1048 2915 1270 2991 latitudinem
1288 2919 1462 2992 duntaxat
1490 2938 1627 2990 mutare
1654 2917 1817 3013 iniquum
1846 2916 1900 3005 lit,
1925 2939 2028 2991 curta

413 3015 544 3091 itineris
564 3016 720 3091 aestimati
739 3019 915 3114 quantitas
934 3016 1077 3112 perinde
1095 3019 1134 3090 fit
1164 3017 1322 3091 lubrica:
1350 3018 1586 3114 quamobrem
1615 3017 1755 3112 utrique
1782 3017 1885 3089 errori
1909 3042 2017 3091 com-

413 3117 591 3214 pensando
617 3118 746 3212 aliquid
777 3120 936 3190 dandum
967 3117 1121 3203 videtur,
1148 3136 1187 3189 ut
1212 3118 1377 3189 aelliruatri
1394 3115 1523 3189 itineris
1542 3117 1764 3212 longitudine
1784 3116 1915 3189 retenti
1941 3142 2016 3213 pru

412 3241 514 3290 crure
531 3217 824 3309 mecodynamico
848 3216 946 3287 navis
964 3218 1061 3287 locus
1080 3213 1248 3287 referatur
1263 3218 1307 3287 ad
1326 3216 1546 3288 observatum
1573 3217 1794 3310 parallelum,
1821 3235 1855 3287 et
1881 3217 2014 3289 millia-

411 3316 462 3389 ria
491 3317 599 3387 cruris
630 3314 914 3408 mecodynamici
942 3316 987 3386 ad
1014 3314 1275 3408 longitudinem
1304 3316 1366 3411 ipsa
1394 3314 1592 3410 interistos
1625 3316 1807 3412 parallelos
1833 3315 2029 3404 debitam,.

415 3439 475 3508 per
512 3439 553 3487 12
588 3414 857 3510 proposrtionem
885 3413 964 3484 libri
996 3413 1113 3508 primi,
1139 3435 1373 3499 revocentur;
1410 3436 1518 3510 atque
1552 3416 1620 3486 hoc
1652 3417 1755 3511 padio
1782 3434 1815 3486 et
1843 3417 1945 3509 plaga
1974 3439 2016 3492 et

412 3512 546 3588 itineris
563 3512 735 3608 quantitas
752 3515 851 3584 simul
870 3513 1070 3586 variabitur.
1124 3516 1190 3600 Ut,
1220 3517 1242 3585 st
1272 3516 1367 3587 navis
1387 3513 1549 3611 magister
1571 3515 1616 3586 ab
1635 3537 1656 3583 a
1684 3517 1729 3586 ad
1753 3540 1769 3585 e
1796 3513 1859 3585 sub
1877 3517 2024 3591 eodem-

413 3613 579 3710 parallelo
596 3612 733 3685 cursum
753 3612 932 3708 peradum
950 3612 1132 3698 existimet,
1160 3613 1313 3709 erimquc
1338 3619 1386 3686 60
1405 3612 1612 3686 milliaribus
1636 3632 1732 3686 taxet
1762 3612 1825 3685 sub
1846 3615 2028 3708 parallelo.

416 3735 488 3809 5²³
515 3711 597 3783 inde
613 3710 852 3785 observatione
869 3710 1037 3800 instituta,
1064 3737 1145 3783 cum
1163 3716 1266 3785 anteit
1292 3715 1327 3785 in
1355 3739 1372 3783 e
1397 3713 1495 3786 navis
1515 3714 1636 3786 locum
1654 3711 1886 3803 constituerit,
1914 3713 2012 3811 post·

413 3812 562 3883 moditm
583 3835 604 3886 2
608 3835 628 3907 5
649 3811 710 3883 scr.
739 3811 967 3884 borealiorem
985 3813 1237 3906 deprehendat.
1290 3815 1389 3884 Tum
1410 3818 1456 3886 60
1476 3813 1556 3885 mil·

413 3909 558 3982 liaribus
575 3910 679 3982 uteris
695 3929 864 4006 tanquam
881 3911 986 3982 totius
1003 3909 1120 3983 curslrs
1133 3934 1231 3983 crure
1250 3913 1555 4007 mecodynamico,
1949 3995 1959 4012 ‚

414 4027 463 4095 et,
491 4032 553 4105 per
585 4010 857 4104 propositionem
879 4034 919 4082 12
947 4008 1028 4083 libri
1046 4008 1164 4103 primi,
1191 4008 1269 4097 erit,
1298 4030 1333 4080 ut
1357 4034 1490 4095 10,ooo
1510 4016 1556 4085 ad
1622 4020 2010 4107 0-————7}-

414 4109 653 4205 quadruplum
679 4107 836 4182 canonici
855 4109 1100 4202 parallelorum
1129 4108 1335 4182 differentia
1365 4110 1556 4184 latitudinis
1661 4104 1874 4207 ···················
1940 4110 1948 4164 ³

417 4209 541 4304 1,631,
545 4212 631 4304 584,
648 4207 696 4280 ita
714 4214 757 4299 2}
770 4207 973 4292 milliarium
991 4234 1067 4306 pars
1081 4228 1189 4306 quota
1201 4212 1244 4282 ad
1265 4222 1363 4303 391}
1379 4211 1554 4310 scrupula,
1613 4215 1636 4271 α’

414 4305 475 4402 qui
502 4304 579 4379 sunt
608 4311 737 4404 gradus
755 4311 789 4380 6.
814 4305 877 4382 scr.
898 4320 970 4402 31}
985 4308 1146 4381 evariatae
1166 4310 1410 4405 longitudinis.
1462 4313 1562 4385 Cum·

414 4403 519 4504 igittlr
545 4407 642 4477 naris
672 4405 773 4493 mihi,
800 4429 940 4501 propter
957 4406 1205 4481 observationis
1234 4413 1253 4479 a
1282 4411 1479 4506 conjetlutal
1505 4407 1788 4502 discrepantiam,
1816 4413 1861 4483 fit
1880 4413 2023 4488 consti-2

414 4506 547 4577 ruenda
566 4504 600 4576 in
620 4505 782 4598 parallelo
798 4508 852 4589 oi;
880 4506 1137 4601 longitudinem
1162 4531 1309 4604 quoque
1326 4512 1503 4580 inventam
1523 4511 1682 4596 mutabo,
1711 4511 1905 4604 quaemihi
1936 4515 2019 4587 alia·

380 4653 382 4657 -
413 4601 526 4676 fuiffet
544 4606 566 4675 fi
593 4602 655 4675 sub
680 4604 808 4676 eodem
824 4606 989 4700 parallelo
1005 4607 1088 4677 ellet
1104 4606 1305 4693 decursum,
1334 4630 1462 4699 nempe
1481 4614 1501 4678 6
1520 4632 1571 4705 gr.
1600 4632 1645 4701 30
1664 4609 1727 4680 scr.
1754 4632 1787 4682 et
1806 4634 1872 4706 pro
1890 4615 2019 4704 paral--

413 4701 698 4775 leloaestatuam
718 4728 774 4775 me
804 4703 989 4775 decurriffe
1015 4705 1278 4777 loxodromiam
1303 4709 1351 4776 ai.
1403 4707 1457 4777 lta
1482 4709 1576 4779 enim
1607 4708 1826 4781 manifestum
1858 4709 1919 4799 est,
1948 4736 2020 4785 me·

413 4826 485 4873 non
505 4803 640 4874 tantum
658 4801 773 4875 curltis
792 4802 1023 4898 quantitatem
1040 4804 1184 4891 variare,
1205 4807 1307 4899 (cum
1328 4831 1391 4903 pro
1409 4830 1507 4879 crure
1523 4808 1644 4904 anguli
1663 4809 1746 4880 redi
1765 4835 1814 4891 ae,
1832 4811 2020 4888 adsumam·

414 4901 509 4973 bastn
533 4904 570 4970 oi
583 4903 615 4996 3)
644 4900 702 4973 sed
729 4900 869 4997 insuper
892 4905 946 4974 ab
965 4906 1097 4998 angulo
1125 4907 1240 5003 plagae
1262 4929 1318 4978 me
1340 4930 1484 5001 quoque
1500 4906 1739 4981 discelltoncm
1756 4905 1893 4995 facere3
1918 4934 2018 4985 cum·

415 5021 481 5093 pro
510 5002 605 5073 tedio
631 5023 687 5070 aaa
714 4999 882 5074 allumam
913 5005 1086 5095 angulum
1114 5003 1348 5078 inclinationis
1372 5010 1425 5077 oat'
1450 5009 1544 5079 tecto
1574 5005 1761 5079 minorem.
1814 5005 1881 5079 lsta
1907 5009 2018 5082 enim·

415 5096 520 5266 laqus
546 5098 799 5171 emendationis
827 5099 1000 5197 principia
1022 5120 1203 5199 tanquam-
1219 5104 1336 5178 minirs
1363 5105 1510 5180 lubrica·
1532 5107 1635 5202 supra
1662 5107 1765 5180 nobis
1793 5125 1890 5179 etant
1918 5133 2006 5204 pro·

414 5217 536 5291 porta.

466 5292 584 5390 Atqui·
607 5290 769 5366 Cauno
793 5294 857 5382 est,
882 5299 922 5386 st,
949 5320 1034 5370 curn
1064 5296 1127 5370 sub
1156 5300 1289 5372 eodem·
1313 5301 1476 5396 parallelo
1501 5303 1680 5390 decurras,
1707 5300 1832 5398 saepiirs
1858 5305 2015 5398 etquast·

416 5391 589 5467 continuis
613 5390 918 5470 observationibus
936 5396 1193 5494 deprehendas,
1231 5419 1267 5472 te
1296 5398 1335 5471 iu
1363 5402 1512 5476 eandem
1537 5402 1679 5502 plagam
1710 5413 1854 5499 (utpote
1883 5405 1941 5475 vel
1966 5404 2017 5477 jn,

1801 5499 2003 5597 meridiem,
