4817 6659
413 753 485 799 200
829 743 1273 798 wt-ttruttottut
1328 746 1593 798 SNELLU

411 920 550 995 resectis
565 918 843 1010 abundantibus,
868 924 1193 1016 100.18263,.⁶.,.³,³„
1212 926 1282 996 hoc
1301 921 1361 1010 est,
1380 942 1420 995 ut
1443 948 1616 1012 too‚ooo,
1642 921 1687 994 ad
1710 924 1858 1018 t8a.63,
1872 921 1920 992 ita
1939 924 2014 1022 633

413 1022 458 1094 ad
482 1020 643 1115 scrupula
660 1019 824 1094 evariatae
842 1022 1074 1119 longitudinis
1097 1034 1254 1110 too,¹„²,„
1286 1021 1349 1120 qui
1378 1019 1454 1094 sunt
1477 1049 1490 1095 1
1512 1047 1566 1119 gr.
1596 1045 1643 1117 -50
1663 1022 1722 1095 scr.
1777 1027 1899 1120 Atque
1916 1026 2016 1095 ltunc

413 1144 602 1194 numerum
621 1120 730 1207 selidi,
755 1145 833 1216 quae
854 1120 944 1194 este
976 1122 1132 1219 regione,
1163 1121 1371 1205 inscribam;
1399 1142 1433 1194 et
1458 1123 1542 1219 quia
1568 1122 1683 1195 cursus
1712 1123 1769 1196 hic
1800 1124 1862 1195 iter
1893 1122 2018 1195 verstls

413 1240 576 1317 optatum
594 1218 876 1316 aequinoslialem
897 1242 1097 1316 promovet,
1130 1220 1247 1294 eidem
1276 1220 1312 1293 in
1342 1220 1448 1294 selide
1476 1220 1632 1319 sequenti
1662 1223 1855 1295 adscribam
1885 1225 1908 1293 S
1935 1223 2016 1294 lite·

414 1347 503 1393 ram.
535 1318 666 1392 Cursus
684 1318 742 1391 ille
759 1320 794 1393 in
813 1322 966 1417 apposui
982 1323 1110 1393 tabells
1125 1320 1343 1415 exprimatur
1355 1322 1466 1393 dudo
1486 1322 1585 1393 lineae
1597 1346 1646 1393 ne.
1675 1326 1755 1417 Ego
1773 1323 1832 1396 hic
1851 1320 2017 1396 milliaria

415 1419 705 1514 mecodynamica
725 1422 879 1518 neglexi,
901 1421 984 1516 quia
1008 1421 1054 1492 ita
1073 1418 1208 1493 facilius
1225 1421 1409 1515 negotium
1424 1419 1624 1493 absolvitur.
1662 1425 1744 1510 Sed,
1774 1426 1796 1493 li
1814 1422 1870 1496 cui
1891 1423 2015 1509 libeat,

414 1543 448 1593 et
467 1542 507 1591 ea
524 1544 668 1615 quoque
687 1519 772 1592 ratio
792 1524 941 1618 placeat,
968 1544 1030 1617 per
1057 1520 1164 1592 meld
1183 1520 1215 1593 ei
1240 1522 1304 1592 erit
1323 1519 1499 1593 liberum:
1530 1522 1559 1594 is
1578 1523 1672 1595 enim
1693 1545 1783 1609 tum,
1805 1548 1865 1617 pet
1884 1547 2016 1618 propo·

414 1618 574 1691 titionem
599 1644 640 1711 13
668 1617 747 1691 libri
780 1618 898 1714 primi,
926 1644 1071 1717 quoque
1096 1620 1326 1714 longitudinis
1349 1621 1599 1693 evariationem
1629 1623 1663 1693 in
1688 1624 1829 1718 lingulis
1853 1620 2015 1695 invenire

306 1785 318 1812 ,
415 1720 528 1814 possn.
571 1720 702 1791 Veritm
722 1719 758 1790 id
777 1717 863 1791 mihi
881 1719 1024 1793 videtur
1042 1720 1251 1815 operosius:
1281 1744 1344 1792 nos
1362 1720 1454 1791 certe
1475 1720 1587 1808 illam,
1614 1720 1807 1817 quamjam
1827 1721 2025 1794 institimus·

415 1819 525 1904 viam,
553 1818 658 1913 porrd
689 1817 886 1913 sequemur.
949 1820 1108 1912 Quodsi
1138 1838 1255 1890 tamen
1283 1820 1367 1891 velis
1397 1821 1605 1918 cognoscere
1631 1846 1703 1916 quo
1735 1822 1835 1893 cursu
1865 1821 2064 1922 simplici...

413 1918 628 2015 principium
652 1938 694 1989 -et
723 1917 800 1990 finis
830 1920 1103 2012 compositorum
1136 1919 1301 1992 cursuum
1330 1920 1488 2015 copulati
1519 1940 1553 1992 et
1580 1919 1747 2017 conjungi
1780 1923 1904 2019 poffit;
1937 1921 2017 1996 illic

414 2017 494 2093 lane
521 2017 626 2090 usum
653 2016 779 2090 habeat
810 2019 887 2091 haec
918 2042 980 2091 res.
1024 2020 1092 2091 Sed
1125 2017 1222 2089 idem
1241 2043 1384 2114 quoque
1408 2020 1525 2115 supra,
1557 2022 1789 2116 propositione
1822 2045 1866 2114 32
1895 2022 1956 2096 lib.
1982 2045 2059 2120 t,·'

412 2117 517 2191 nobis
534 2119 585 2190 est
603 2119 821 2214 expofitum3
851 2119 960 2213 quard
979 2118 1062 2192 huic
1082 2118 1178 2191 selidi
1207 2116 1309 2190 suum
1330 2118 1476 2214 quidem
1494 2123 1613 2194 locum
1631 2123 1856 2219 assignamus,
1882 2122 2042 2206 etiamsi,

413 2242 510 2291 nunc
528 2222 566 2290 est
586 2242 656 2289 non
674 2236 829 2289 utamur.

465 2339 635 2436 Sequitur
653 2337 772 2412 cursus
790 2337 973 2425 secundus,
1005 2338 1065 2434 qui
1084 2338 1130 2409 ab
1159 2362 1175 2408 e
1204 2337 1336 2436 pundo
1353 2340 1416 2412 sub
1440 2341 1603 2435 parallelo
1632 2367 1675 2438 51
1697 2344 1871 2440 graduum
1901 2361 1937 2417 et
1968 2369 2014 2440 57

413 2439 670 2537 scrupulorum,
690 2441 819 2510 Ortum
839 2440 971 2524 versus,
992 2464 1052 2533 per
1068 2465 1093 2529 4
1113 2438 1274 2510 milliaria
1292 2437 1342 2511 est
1359 2441 1607 2525 continuatus;
1628 2443 1688 2539 qui
1706 2446 1906 2541 defiguntur
1923 2445 2019 2520 lineri
2037 2437 2046 2500 ³

412 2544 455 2618 ei.
485 2539 563 2612 Hic
583 2541 749 2611 laterculo
768 2537 963 2612 latitudinis
983 2539 1083 2625 nibil,
1103 2540 1169 2609 live
1183 2565 1219 2622 o,
1236 2537 1442 2624 inscribam3
1462 2538 1545 2637 quia
1559 2541 1594 2613 in
1613 2566 1689 2615 eam
1711 2566 1843 2638 partem
1862 2544 1949 2617 nibil
1966 2546 2019 2618 est
2046 2541 2073 2580 '⁴

413 2658 589 2712 mutatum
607 2668 615 2710 :
636 2658 670 2710 et
687 2638 705 2709 ὲ
721 2638 861 2735 regione
881 2639 915 2709 in
931 2639 1098 2711 laterculo
1114 2636 1348 2734 longitudinis
1362 2666 1385 2712 ο
1398 2666 1450 2737 gr.
1472 2643 1516 2710 26
1530 2642 1593 2713 scr.
1616 2667 1656 2737 17
1674 2643 1739 2715 sec.
1759 2647 1850 2738 Quae
1868 2644 1933 2720 sub
1951 2645 2029 2717 isto·
2051 2663 2089 2754 ¹1,

415 2739 582 2836 parallelo
600 2759 752 2835 quatuor
769 2737 976 2812 milliaribus
994 2763 1056 2835 per
1071 2736 1347 2835 propositionem
1362 2741 1587 2812 undecimam
1602 2742 1682 2815 libri
1701 2741 1808 2840 primi
1827 2745 2021 2820 debentur.
2039 2735 2047 2752 ⁸
2074 2735 2089 2764 ''

414 2984 559 3088 regione
577 2984 680 3057 selide
704 2983 866 3072 secundas,
896 2982 1095 3080 etquidem
1122 2984 1326 3058 milliarium
1354 3012 1411 3082 13,
1444 2988 1505 3083 qui
1532 2984 1648 3058 cursus
1673 2985 1730 3061 hic
1761 2992 1942 3085 expressus
1968 2981 2064 3064 esti·

414 3112 478 3188 per
500 3086 630 3159 lineam
651 3090 704 3171 io;
737 3086 795 3158 cui
820 3084 855 3157 in
873 3083 1084 3158 evariatione
1109 3085 1305 3159 latitudinis
1333 3087 1464 3157 cedunt
1493 3085 1655 3181 scrupula
1682 3112 1743 3180 29,
1770 3090 1905 3162 rursum
1936 3090 2020 3164 sub·
2086 3131 2089 3154 ι

413 3188 605 3271 ducenda;
634 3187 834 3281 atquehaec
853 3184 900 3255 ita
919 3186 1073 3257 cumbis
1102 3184 1193 3257 notis
1221 3184 1287 3257 suis
1310 3184 1484 3258 laterculis
1514 3185 1757 3260 inscribantur.
1809 3189 1899 3263 Inde
1923 3217 2021 3288 quo·
2079 3177 2089 3258 l

413 3311 485 3386 que
500 3308 538 3360 ut
558 3286 660 3383 supra
678 3282 913 3381 longitudinis
931 3284 1096 3358 evariatio
1115 3287 1219 3358 datur
1240 3310 1253 3356 1
1277 3309 1331 3381 gr.
1354 3311 1398 3359 10
1417 3285 1479 3358 scr.

465 2884 589 2960 Tertia
619 2883 670 2957 est
700 2883 924 2958 loxodromia
956 2885 999 2955 Z.
1030 2886 1076 2960 O.
1100 2907 1125 2958 t.
1145 2885 1192 2957 Ο.
1226 2909 1306 2981 quae
1336 2884 1460 2959 ordine
1487 2886 1610 2982 quinta
1636 2886 1697 2973 est,
1729 2908 1765 2960 ut
1797 2888 1972 2963 indicatur
1998 2861 2089 3126 &iq

464 3440 600 3530 Qtana
626 3434 675 3508 est
701 3432 926 3505 loxodromia
943 3427 992 3509 O.
1014 3436 1059 3508 Z.
1079 3433 1127 3508 Ο.
1154 3435 1224 3508 hoc
1243 3432 1303 3519 est,
1330 3433 1638 3528 quemadmodum
1668 3434 1818 3512 secunda
1844 3434 1952 3512 selide
1969 3437 2022 3513 est

414 3537 632 3634 expreslitm,
659 3533 880 3605 loxodromia
896 3533 1021 3626 ordine
1038 3532 1145 3622 sexta,
1169 3534 1234 3631 qui
1253 3535 1371 3606 cursus
1390 3533 1447 3606 hic
1474 3535 1649 3628 exprellits
1675 3536 1723 3608 est
1746 3538 1839 3611 lines
1855 3563 1905 3624 ou,
1934 3540 2021 3612 mil·
2079 3589 2088 3628 ·.

414 3637 552 3711 starium
576 3660 647 3726 ¹43
672 3634 767 3706 unde
792 3632 956 3706 evariatio
986 3633 1180 3708 latitudinis
1205 3636 1311 3706 datur
1338 3660 1361 3706 o
1381 3634 1509 3732 gradus
1527 3634 1583 3707 sed
1603 3646 1671 3720 aa}
1692 3636 1878 3733 scrupula:
1907 3663 2022 3733 quam

414 3738 464 3811 ita
487 3735 556 3810 suae
584 3733 680 3808 selidi
700 3731 910 3817 inscribam,·
937 3753 984 3821 et,
1003 3735 1086 3831 quia
1104 3733 1326 3807 latitudinem
1353 3734 1436 3818 loci,
1467 3736 1562 3805 unde
1579 3735 1762 3810 discessum
1780 3737 1841 3826 est,
1871 3736 2020 3831 minuit,
2042 3731 2050 3744 ⁸

415 3840 436 3911 ὲ
456 3837 598 3935 regione
615 3834 811 3907 adscribam
830 3856 950 3908 notam
968 3833 1211 3907 subdudionis
1231 3837 1267 3906 S.
1298 3833 1413 3922 Hinc,
1433 3855 1473 3904 ut
1490 3855 1584 3920 ante,
1605 3835 1833 3932 longitudinis
1850 3837 2022 3913 evariatio

416 3936 558 4012 dabitur
581 3962 594 4009 r
616 3961 666 4033 gr.
688 3956 731 4031 23
758 3933 823 4007 scr.
850 3933 1037 4007 addenda:
1066 3959 1146 4031 quae
1165 3936 1299 4033 singula
1317 3932 1353 4005 in
1371 3932 1445 4006 suas
1463 3934 1689 4032 propriasque
1707 3935 1829 4011 selides
1855 3935 2021 4028 reseram,

415 4057 456 4111 ut
482 4036 591 4135 prius.

467 4159 621 4261 Qrintus
639 4153 757 4229 cursus
774 4157 824 4232 est
842 4159 912 4230 VY
930 4157 1059 4232 iterum
1077 4160 1125 4231 O.
1144 4157 1189 4230 Z.
1208 4160 1257 4246 0,
1285 4154 1342 4229 seu
1365 4157 1592 4230 loxodromia
1620 4158 1741 4232 ordine
1769 4159 1861 4233 sexta
1884 4160 2023 4236 millia·

417 4262 513 4337 rium
538 4287 584 4358 33
614 4257 707 4330 uude
724 4257 915 4332 latitudinis
933 4259 1098 4331 evariatio
1111 4260 1217 4331 datur
1237 4283 1260 4329 o
1280 4282 1332 4354 gr.
1358 4269 1407 4351 4}
1423 4258 1485 4331 scr.
1505 4257 1753 4332 subducenda:
1783 4285 1863 4356 quae
1888 4260 1934 4331 ita
1951 4260 2023 4337 suis

420 4359 595 4436 laterculis
614 4355 773 4429 inseram.
818 4358 930 4432 Porro
948 4357 1179 4454 longitudinis
1207 4358 1374 4430 evariatio
1401 4357 1486 4428 hinc
1504 4356 1619 4429 existit
1645 4385 1667 4431 0
1692 4382 1744 4456 gr.
1776 4373 1845 4459 17³3L
1863 4358 1926 4434 scr.
1954 4364 2022 4437 ad-

413 4463 537 4536 denda
559 4456 870 4534 antecedentibus:
898 4481 1005 4556 atque
1031 4459 1078 4531 ita
1094 4458 1162 4532 suis
1180 4458 1353 4531 laterculis
1371 4456 1550 4552 inscriptas
1567 4456 1679 4530 vides.

471 4617 600 4696 Sextus
626 4606 743 4684 cursus
761 4608 809 4681 est
827 4609 892 4682 W.
913 4609 958 4681 Z.
976 4610 1039 4681 W.
1067 4607 1313 4681 Loxodromia
1330 4606 1455 4680 itidem
1472 4605 1595 4679 ordine
1609 4606 1715 4695 sexta,
1736 4609 1937 4684 milliarium
1962 4639 2023 4703 11,

420 4742 500 4816 quae
519 4717 720 4810 designatur
737 4708 771 4780 in
796 4710 922 4782 tabella
942 4734 1000 4805 per
1015 4709 1142 4781 lineam
1163 4710 1253 4793 YS;
1280 4709 1375 4779 unde
1392 4707 1584 4780 latitudinis
1607 4708 1775 4800 evariatio
1801 4713 1945 4786 daturo
1966 4743 2023 4814 gr.

426 4816 551 4915 17scr.
577 4836 657 4909 quae
677 4811 792 4881 adhuc
818 4810 853 4882 in
883 4811 1037 4881 aulltum
1056 4809 1181 4895 tendit,
1208 4828 1315 4903 atque
1333 4808 1414 4882 ideo
1434 4806 1682 4892 subducenda3
1712 4811 1807 4882 uncle
1836 4815 2026 4905 parallelus

422 4918 523 5014 perS
545 4914 715 5009 pundum
732 4911 835 4983 datur
853 4933 901 5005 50
915 4936 967 5008 gr.
982 4936 1028 5006 45
1045 4915 1105 4982 scr.
1138 4910 1184 4981 Et
1201 4906 1288 4980 hinc
1304 4908 1469 4981 evariatio
1489 4909 1720 5006 longitudinis
1738 4911 1935 4986 invenietur
1951 4917 2027 4992 esse
2066 4929 2069 4934 '

426 5043 442 5089 1
464 5015 592 5113 gradus
608 5033 641 5084 et
660 5010 819 5107 scrupula
830 5021 901 5101 4†:
921 5010 994 5093 sed,
1012 5010 1095 5107 quia
1112 5010 1170 5082 hic
1189 5006 1308 5081 cursus
1325 5008 1360 5079 in
1378 5010 1540 5083 occasum
1558 5006 1761 5097 reflectitur,
1780 5009 2027 5096 subducenda.

423 5116 541 5212 Quare
569 5108 798 5208 longitudinis
825 5110 1023 5183 differentia
1046 5111 1134 5183 inter
1153 5108 1367 5182 meridianos
1394 5132 1456 5205 per
1475 5112 1510 5180 A
1526 5130 1560 5181 et
1584 5111 1607 5182 S
1633 5109 1845 5184 transeuntes
1860 5111 1926 5185 erit
1945 5137 2027 5192 tatt-

422 5216 499 5289 tirm
519 5238 543 5300 4
558 5213 654 5310 grad.
686 5220 730 5295 ιὲ
747 5210 860 5307 scrup.

475 5336 655 5434 Septimus
672 5335 786 5408 cursus
800 5336 846 5407 est
860 5336 924 5409 W.
939 5357 965 5407 t.
984 5335 1030 5409 Z.
1044 5335 1269 5409 loxodromia
1283 5334 1405 5408 itidem
1419 5335 1543 5409 ordine
1557 5334 1714 5431 septima,
1733 5336 1938 5412 milliarium
1964 5356 2029 5436 ιξ,

423 5465 504 5542 quae
520 5433 732 5538 exprimitur
749 5436 840 5509 linei
865 5437 950 5520 SR,
980 5435 1073 5510 unde
1096 5434 1290 5509 latitudinis
1316 5435 1482 5511 evariatio
1509 5434 1709 5511 invenietur
1724 5466 1747 5514 o
1762 5464 1817 5539 gr.
1839 5466 1852 5512 1
1874 5437 1919 5513 sc.
1939 5439 2030 5516 sub-

1835 5540 2033 5640 ducenda,
