<?xml version="1.0" encoding="UTF-8"?>
<!DOCTYPE html PUBLIC "-//W3C//DTD XHTML 1.0 Transitional//EN"
    "http://www.w3.org/TR/xhtml1/DTD/xhtml1-transitional.dtd">
<html xmlns="http://www.w3.org/1999/xhtml" xml:lang="en" lang="en">
 <head>
  <title>
</title>
<meta http-equiv="Content-Type" content="text/html;charset=utf-8" />
  <meta name='ocr-system' content='tesseract 3.04.00' />
  <meta name='ocr-capabilities' content='ocr_page ocr_carea ocr_par ocr_line ocrx_word'/>
</head>
<body>
  <div class='ocr_page' id='page_1' title='image "./tiphysbatavussi00snelgoog_0009.png"; bbox 0 0 4817 6659; ppageno 0'>
   <div class='ocr_carea' id='block_1_1' title="bbox 968 779 2047 853">
    <p class='ocr_par' dir='ltr' id='par_1_1' title="bbox 968 779 2047 853">
     <span class='ocr_line' id='line_1_1' title="bbox 968 779 2047 853; baseline -0.008 -16"><span class='ocrx_word' id='word_1_1' title='bbox 968 784 1541 837; x_wconf 63' lang='lat' dir='ltr'>nantuato.</span> <span class='ocrx_word' id='word_1_2' title='bbox 1979 779 2047 853; x_wconf 87' lang='lat'>¹¹9</span> 
     </span>
    </p>
   </div>
   <div class='ocr_carea' id='block_1_2' title="bbox 454 951 2129 1674">
    <p class='ocr_par' dir='ltr' id='par_1_2' title="bbox 454 951 2129 1674">
     <span class='ocr_line' id='line_1_2' title="bbox 454 951 2129 1057; baseline -0.003 -25"><span class='ocrx_word' id='word_1_3' title='bbox 454 960 652 1032; x_wconf 89' lang='lat' dir='ltr'>humanum</span> <span class='ocrx_word' id='word_1_4' title='bbox 669 981 780 1055; x_wconf 88' lang='lat' dir='ltr'>genus</span> <span class='ocrx_word' id='word_1_5' title='bbox 799 960 880 1033; x_wconf 91' lang='lat' dir='ltr'>Deo</span> <span class='ocrx_word' id='word_1_6' title='bbox 898 959 1048 1034; x_wconf 89' lang='lat' dir='ltr'>docente</span> <span class='ocrx_word' id='word_1_7' title='bbox 1068 960 1231 1057; x_wconf 86' lang='lat' dir='ltr'>navigare</span> <span class='ocrx_word' id='word_1_8' title='bbox 1248 959 1437 1050; x_wconf 80' lang='lat' dir='ltr'>didicisset,</span> <span class='ocrx_word' id='word_1_9' title='bbox 1465 977 1499 1032; x_wconf 90' lang='lat' dir='ltr'>et</span> <span class='ocrx_word' id='word_1_10' title='bbox 1525 981 1607 1030; x_wconf 89' lang='lat' dir='ltr'>cum</span> <span class='ocrx_word' id='word_1_11' title='bbox 1629 956 1638 1028; x_wconf 93' lang='lat' dir='ltr'>i</span> <span class='ocrx_word' id='word_1_12' title='bbox 1644 955 1701 1053; x_wconf 92' lang='lat' dir='ltr'>pse</span> <span class='ocrx_word' id='word_1_13' title='bbox 1718 973 1858 1051; x_wconf 88' lang='lat' dir='ltr'>pontus·</span> <span class='ocrx_word' id='word_1_14' title='bbox 1873 951 2049 1027; x_wconf 74' lang='lat' dir='ltr'>littoribus</span> <span class='ocrx_word' id='word_1_15' title='bbox 2122 1001 2129 1009; x_wconf 94' lang='lat'><em>·</em></span> 
     </span>
     <span class='ocr_line' id='line_1_3' title="bbox 455 1077 2050 1182; baseline -0.003 -24"><span class='ocrx_word' id='word_1_16' title='bbox 455 1105 587 1158; x_wconf 88' lang='lat' dir='ltr'>careret</span> <span class='ocrx_word' id='word_1_17' title='bbox 602 1118 613 1173; x_wconf 82' lang='lat'>3</span> <span class='ocrx_word' id='word_1_18' title='bbox 641 1086 811 1158; x_wconf 88' lang='lat' dir='ltr'>Noacltus</span> <span class='ocrx_word' id='word_1_19' title='bbox 828 1108 911 1158; x_wconf 93' lang='lat' dir='ltr'>cum</span> <span class='ocrx_word' id='word_1_20' title='bbox 929 1084 1079 1158; x_wconf 79' lang='lat' dir='ltr'>universa</span> <span class='ocrx_word' id='word_1_21' title='bbox 1098 1085 1224 1156; x_wconf 91' lang='lat' dir='ltr'>mundi</span> <span class='ocrx_word' id='word_1_22' title='bbox 1243 1086 1401 1182; x_wconf 77' lang='lat' dir='ltr'>deposito</span> <span class='ocrx_word' id='word_1_23' title='bbox 1418 1086 1496 1160; x_wconf 90' lang='lat' dir='ltr'>solis</span> <span class='ocrx_word' id='word_1_24' title='bbox 1512 1085 1676 1157; x_wconf 70' lang='lat' dir='ltr'>fludibus</span> <span class='ocrx_word' id='word_1_25' title='bbox 1693 1082 1897 1155; x_wconf 89' lang='lat' dir='ltr'>vehebatur.</span> <span class='ocrx_word' id='word_1_26' title='bbox 1924 1077 2050 1153; x_wconf 72' lang='lat' dir='ltr'>Postea</span> 
     </span>
     <span class='ocr_line' id='line_1_4' title="bbox 454 1203 2050 1306; baseline -0.001 -26"><span class='ocrx_word' id='word_1_27' title='bbox 454 1209 643 1282; x_wconf 88' lang='lat' dir='ltr'>hominum</span> <span class='ocrx_word' id='word_1_28' title='bbox 671 1207 835 1282; x_wconf 72' lang='lat' dir='ltr'>industria</span> <span class='ocrx_word' id='word_1_29' title='bbox 853 1208 960 1281; x_wconf 86' lang='lat' dir='ltr'>etiam</span> <span class='ocrx_word' id='word_1_30' title='bbox 985 1210 1064 1281; x_wconf 87' lang='lat' dir='ltr'>vela</span> <span class='ocrx_word' id='word_1_31' title='bbox 1091 1209 1294 1303; x_wconf 87' lang='lat' dir='ltr'>excogitata</span> <span class='ocrx_word' id='word_1_32' title='bbox 1325 1209 1413 1295; x_wconf 92' lang='lat' dir='ltr'>suut,</span> <span class='ocrx_word' id='word_1_33' title='bbox 1440 1235 1520 1306; x_wconf 88' lang='lat' dir='ltr'>quae</span> <span class='ocrx_word' id='word_1_34' title='bbox 1549 1231 1673 1282; x_wconf 80' lang='lat' dir='ltr'>tentos</span> <span class='ocrx_word' id='word_1_35' title='bbox 1695 1205 1933 1304; x_wconf 66' lang='lat' dir='ltr'><strong>procellisque</strong></span> <span class='ocrx_word' id='word_1_36' title='bbox 1960 1203 2050 1278; x_wconf 91' lang='lat' dir='ltr'>reci·</span> 
     </span>
     <span class='ocr_line' id='line_1_5' title="bbox 455 1328 2051 1428; baseline -0.001 -26"><span class='ocrx_word' id='word_1_37' title='bbox 455 1351 590 1428; x_wconf 88' lang='lat' dir='ltr'>petent,</span> <span class='ocrx_word' id='word_1_38' title='bbox 619 1355 772 1428; x_wconf 91' lang='lat' dir='ltr'>quorum</span> <span class='ocrx_word' id='word_1_39' title='bbox 792 1331 929 1427; x_wconf 90' lang='lat' dir='ltr'>impetu</span> <span class='ocrx_word' id='word_1_40' title='bbox 948 1329 1047 1402; x_wconf 86' lang='lat' dir='ltr'>navis</span> <span class='ocrx_word' id='word_1_41' title='bbox 1066 1328 1215 1425; x_wconf 88' lang='lat' dir='ltr'>impulsa</span> <span class='ocrx_word' id='word_1_42' title='bbox 1232 1352 1396 1404; x_wconf 90' lang='lat' dir='ltr'>curreret.</span> <span class='ocrx_word' id='word_1_43' title='bbox 1448 1333 1515 1404; x_wconf 85' lang='lat' dir='ltr'>Sed</span> <span class='ocrx_word' id='word_1_44' title='bbox 1539 1334 1663 1405; x_wconf 86' lang='lat' dir='ltr'>eadem</span> <span class='ocrx_word' id='word_1_45' title='bbox 1691 1328 1829 1403; x_wconf 90' lang='lat' dir='ltr'>frenum</span> <span class='ocrx_word' id='word_1_46' title='bbox 1848 1328 1878 1401; x_wconf 92' lang='lat' dir='ltr'>ei</span> <span class='ocrx_word' id='word_1_47' title='bbox 1905 1351 2051 1425; x_wconf 87' lang='lat' dir='ltr'>quoque</span> 
     </span>
     <span class='ocr_line' id='line_1_6' title="bbox 454 1452 2051 1549; baseline 0 -25"><span class='ocrx_word' id='word_1_48' title='bbox 454 1452 585 1549; x_wconf 87' lang='lat' dir='ltr'>injecit,</span> <span class='ocrx_word' id='word_1_49' title='bbox 612 1476 646 1527; x_wconf 88' lang='lat' dir='ltr'>et</span> <span class='ocrx_word' id='word_1_50' title='bbox 665 1455 767 1527; x_wconf 88' lang='lat' dir='ltr'>clavo</span> <span class='ocrx_word' id='word_1_51' title='bbox 786 1455 1059 1548; x_wconf 77' lang='lat' dir='ltr'>gubernatorem</span> <span class='ocrx_word' id='word_1_52' title='bbox 1075 1452 1247 1523; x_wconf 89' lang='lat' dir='ltr'>admovit.</span> <span class='ocrx_word' id='word_1_53' title='bbox 1300 1455 1354 1525; x_wconf 94' lang='lat' dir='ltr'>Ut</span> <span class='ocrx_word' id='word_1_54' title='bbox 1381 1453 1470 1526; x_wconf 81' lang='lat' dir='ltr'>adeb</span> <span class='ocrx_word' id='word_1_55' title='bbox 1497 1454 1588 1526; x_wconf 89' lang='lat' dir='ltr'>vasta</span> <span class='ocrx_word' id='word_1_56' title='bbox 1615 1453 1725 1525; x_wconf 88' lang='lat' dir='ltr'>moles</span> <span class='ocrx_word' id='word_1_57' title='bbox 1754 1453 1888 1549; x_wconf 84' lang='lat' dir='ltr'>exiguo</span> <span class='ocrx_word' id='word_1_58' title='bbox 1919 1453 2051 1547; x_wconf 87' lang='lat' dir='ltr'>guber·</span> 
     </span>
     <span class='ocr_line' id='line_1_7' title="bbox 455 1571 2052 1674; baseline 0 -26"><span class='ocrx_word' id='word_1_59' title='bbox 455 1578 584 1648; x_wconf 87' lang='lat' dir='ltr'>naeulo</span> <span class='ocrx_word' id='word_1_60' title='bbox 603 1595 789 1674; x_wconf 88' lang='lat' dir='ltr'>regeretur,</span> <span class='ocrx_word' id='word_1_61' title='bbox 817 1595 849 1646; x_wconf 86' lang='lat' dir='ltr'>et</span> <span class='ocrx_word' id='word_1_62' title='bbox 877 1599 940 1670; x_wconf 90' lang='lat' dir='ltr'>pro</span> <span class='ocrx_word' id='word_1_63' title='bbox 964 1575 1111 1646; x_wconf 72' lang='lat' dir='ltr'>vestoris</span> <span class='ocrx_word' id='word_1_64' title='bbox 1128 1574 1271 1646; x_wconf 90' lang='lat' dir='ltr'>arbitrio</span> <span class='ocrx_word' id='word_1_65' title='bbox 1290 1597 1406 1646; x_wconf 88' lang='lat' dir='ltr'>motus</span> <span class='ocrx_word' id='word_1_66' title='bbox 1434 1577 1511 1649; x_wconf 87' lang='lat' dir='ltr'>suos</span> <span class='ocrx_word' id='word_1_67' title='bbox 1527 1597 1779 1674; x_wconf 69' lang='lat' dir='ltr'>componeret,</span> <span class='ocrx_word' id='word_1_68' title='bbox 1808 1597 1916 1671; x_wconf 88' lang='lat' dir='ltr'>atque</span> <span class='ocrx_word' id='word_1_69' title='bbox 1934 1571 2052 1649; x_wconf 85' lang='lat' dir='ltr'>cursus</span> 
     </span>
    </p>
   </div>
   <div class='ocr_carea' id='block_1_3' title="bbox 453 1694 2052 1794">
    <p class='ocr_par' dir='ltr' id='par_1_3' title="bbox 328 1694 2052 1794">
     <span class='ocr_line' id='line_1_8' title="bbox 453 1694 2052 1794; baseline -0.001 -22.073"><span class='ocrx_word' id='word_1_70' title='bbox 453 1700 530 1773; x_wconf 87' lang='lat' dir='ltr'>suos</span> <span class='ocrx_word' id='word_1_71' title='bbox 549 1699 596 1771; x_wconf 90' lang='lat' dir='ltr'>ita</span> <span class='ocrx_word' id='word_1_72' title='bbox 620 1698 825 1785; x_wconf 77' lang='lat' dir='ltr'>inflecteret,</span> <span class='ocrx_word' id='word_1_73' title='bbox 853 1715 889 1766; x_wconf 90' lang='lat' dir='ltr'>ut</span> <span class='ocrx_word' id='word_1_74' title='bbox 918 1694 1025 1767; x_wconf 75' lang='lat' dir='ltr'>etiam</span> <span class='ocrx_word' id='word_1_75' title='bbox 1052 1696 1172 1766; x_wconf 74' lang='lat' dir='ltr'>contra</span> <span class='ocrx_word' id='word_1_76' title='bbox 1201 1718 1388 1769; x_wconf 88' lang='lat' dir='ltr'>ventorum</span> <span class='ocrx_word' id='word_1_77' title='bbox 1420 1699 1522 1769; x_wconf 79' lang='lat' dir='ltr'>slatus</span> <span class='ocrx_word' id='word_1_78' title='bbox 1550 1698 1778 1780; x_wconf 82' lang='lat' dir='ltr'>obniteretur,</span> <span class='ocrx_word' id='word_1_79' title='bbox 1808 1716 1841 1767; x_wconf 89' lang='lat' dir='ltr'>et</span> <span class='ocrx_word' id='word_1_80' title='bbox 1859 1698 1929 1769; x_wconf 88' lang='lat' dir='ltr'>ltoc</span> <span class='ocrx_word' id='word_1_81' title='bbox 1946 1698 2052 1794; x_wconf 63' lang='lat' dir='ltr'>pado</span> 
     </span>
    </p>
   </div>
   <div class='ocr_carea' id='block_1_4' title="bbox 455 1819 2052 1916">
    <p class='ocr_par' dir='ltr' id='par_1_4' title="bbox 455 1819 2052 1916">
     <span class='ocr_line' id='line_1_9' title="bbox 455 1819 2052 1916; baseline -0.003 -18"><span class='ocrx_word' id='word_1_82' title='bbox 455 1847 622 1898; x_wconf 85' lang='lat' dir='ltr'>terrarum</span> <span class='ocrx_word' id='word_1_83' title='bbox 650 1827 773 1895; x_wconf 89' lang='lat' dir='ltr'>orbem</span> <span class='ocrx_word' id='word_1_84' title='bbox 796 1820 887 1892; x_wconf 75' lang='lat' dir='ltr'>ultrd</span> <span class='ocrx_word' id='word_1_85' title='bbox 906 1819 1066 1915; x_wconf 78' lang='lat' dir='ltr'>citrdque</span> <span class='ocrx_word' id='word_1_86' title='bbox 1084 1841 1248 1915; x_wconf 83' lang='lat' dir='ltr'>portaret.</span> <span class='ocrx_word' id='word_1_87' title='bbox 1303 1824 1391 1893; x_wconf 87' lang='lat' dir='ltr'>Eam</span> <span class='ocrx_word' id='word_1_88' title='bbox 1411 1822 1500 1895; x_wconf 76' lang='lat' dir='ltr'>adeo</span> <span class='ocrx_word' id='word_1_89' title='bbox 1515 1826 1562 1896; x_wconf 89' lang='lat' dir='ltr'>ob</span> <span class='ocrx_word' id='word_1_90' title='bbox 1580 1821 1716 1895; x_wconf 88' lang='lat' dir='ltr'>causam</span> <span class='ocrx_word' id='word_1_91' title='bbox 1729 1822 1804 1916; x_wconf 87' lang='lat' dir='ltr'>jam</span> <span class='ocrx_word' id='word_1_92' title='bbox 1820 1821 1909 1893; x_wconf 85' lang='lat' dir='ltr'>olim</span> <span class='ocrx_word' id='word_1_93' title='bbox 1927 1844 2052 1893; x_wconf 85' lang='lat' dir='ltr'>omnes</span> 
     </span>
    </p>
   </div>
   <div class='ocr_carea' id='block_1_5' title="bbox 403 1944 2052 2172">
    <p class='ocr_par' dir='ltr' id='par_1_5' title="bbox 403 1944 2052 2172">
     <span class='ocr_line' id='line_1_10' title="bbox 454 1944 2052 2043; baseline 0 -23"><span class='ocrx_word' id='word_1_94' title='bbox 454 1971 526 2022; x_wconf 89' lang='lat' dir='ltr'>tam</span> <span class='ocrx_word' id='word_1_95' title='bbox 544 1948 689 2022; x_wconf 70' lang='lat' dir='ltr'>sollicite</span> <span class='ocrx_word' id='word_1_96' title='bbox 707 1949 790 2020; x_wconf 89' lang='lat' dir='ltr'>huic</span> <span class='ocrx_word' id='word_1_97' title='bbox 817 1973 877 2018; x_wconf 91' lang='lat' dir='ltr'>unt</span> <span class='ocrx_word' id='word_1_98' title='bbox 894 1944 942 2016; x_wconf 91' lang='lat' dir='ltr'>rei</span> <span class='ocrx_word' id='word_1_99' title='bbox 967 1945 1217 2033; x_wconf 88' lang='lat' dir='ltr'>incubuerunt,</span> <span class='ocrx_word' id='word_1_100' title='bbox 1245 1967 1281 2017; x_wconf 91' lang='lat' dir='ltr'>ut</span> <span class='ocrx_word' id='word_1_101' title='bbox 1302 1948 1467 2020; x_wconf 85' lang='lat' dir='ltr'>cursuum</span> <span class='ocrx_word' id='word_1_102' title='bbox 1496 1950 1584 2021; x_wconf 89' lang='lat' dir='ltr'>ratio</span> <span class='ocrx_word' id='word_1_103' title='bbox 1611 1949 1619 2018; x_wconf 93' lang='lat' dir='ltr'>i</span> <span class='ocrx_word' id='word_1_104' title='bbox 1626 1949 1690 2043; x_wconf 85' lang='lat' dir='ltr'>pfis</span> <span class='ocrx_word' id='word_1_105' title='bbox 1708 1969 1799 2019; x_wconf 89' lang='lat' dir='ltr'>certa</span> <span class='ocrx_word' id='word_1_106' title='bbox 1817 1947 1997 2035; x_wconf 87' lang='lat' dir='ltr'>constaret,</span> <span class='ocrx_word' id='word_1_107' title='bbox 2015 1968 2052 2020; x_wconf 93' lang='lat' dir='ltr'>et</span> 
     </span>
     <span class='ocr_line' id='line_1_11' title="bbox 403 2068 2050 2172; baseline -0.002 -25"><span class='ocrx_word' id='word_1_108' title='bbox 403 2163 407 2172; x_wconf 29' lang='grc' dir='ltr'>Ι</span> <span class='ocrx_word' id='word_1_109' title='bbox 455 2101 514 2148; x_wconf 88' lang='lat' dir='ltr'>eos</span> <span class='ocrx_word' id='word_1_110' title='bbox 542 2072 689 2169; x_wconf 84' lang='lat' dir='ltr'>regundi</span> <span class='ocrx_word' id='word_1_111' title='bbox 717 2070 856 2143; x_wconf 88' lang='lat' dir='ltr'>scicntia</span> <span class='ocrx_word' id='word_1_112' title='bbox 874 2069 1040 2163; x_wconf 84' lang='lat' dir='ltr'>quaedam</span> <span class='ocrx_word' id='word_1_113' title='bbox 1057 2087 1206 2157; x_wconf 84' lang='lat' dir='ltr'>extaret,</span> <span class='ocrx_word' id='word_1_114' title='bbox 1232 2069 1329 2162; x_wconf 88' lang='lat' dir='ltr'>cujus</span> <span class='ocrx_word' id='word_1_115' title='bbox 1359 2069 1539 2167; x_wconf 71' lang='lat' dir='ltr'>praeceptis</span> <span class='ocrx_word' id='word_1_116' title='bbox 1562 2092 1596 2141; x_wconf 90' lang='lat' dir='ltr'>et</span> <span class='ocrx_word' id='word_1_117' title='bbox 1626 2071 1738 2143; x_wconf 73' lang='lat' dir='ltr'>duclu</span> <span class='ocrx_word' id='word_1_118' title='bbox 1769 2094 1895 2141; x_wconf 78' lang='lat' dir='ltr'>nauem</span> <span class='ocrx_word' id='word_1_119' title='bbox 1921 2068 2050 2143; x_wconf 90' lang='lat' dir='ltr'>salvam</span> 
     </span>
    </p>
   </div>
   <div class='ocr_carea' id='block_1_6' title="bbox 338 2184 2050 2300">
    <p class='ocr_par' dir='ltr' id='par_1_6' title="bbox 307 2179 2050 2300">
     <span class='ocr_line' id='line_1_12' title="bbox 338 2184 2050 2300; baseline 0.003 -37.911"><span class='ocrx_word' id='word_1_120' title='bbox 307 2220 351 2282; x_wconf 44' lang='lat' dir='ltr'>g,</span> <span class='ocrx_word' id='word_1_121' title='bbox 370 2184 461 2300; x_wconf 35' lang='lat'>2‘3&#39;</span> <span class='ocrx_word' id='word_1_122' title='bbox 453 2224 488 2271; x_wconf 89' lang='lat' dir='ltr'>tn</span> <span class='ocrx_word' id='word_1_123' title='bbox 508 2219 612 2294; x_wconf 91' lang='lat' dir='ltr'>portu</span> <span class='ocrx_word' id='word_1_124' title='bbox 630 2197 856 2268; x_wconf 49' lang='lat' dir='ltr'>collocatment</span> <span class='ocrx_word' id='word_1_125' title='bbox 910 2191 1034 2265; x_wconf 84' lang='lat' dir='ltr'>Multb</span> <span class='ocrx_word' id='word_1_126' title='bbox 1060 2211 1177 2264; x_wconf 89' lang='lat' dir='ltr'>autent</span> <span class='ocrx_word' id='word_1_127' title='bbox 1209 2194 1364 2265; x_wconf 73' lang='lat' dir='ltr'>maxime</span> <span class='ocrx_word' id='word_1_128' title='bbox 1395 2219 1605 2289; x_wconf 86' lang='lat' dir='ltr'>proavorum</span> <span class='ocrx_word' id='word_1_129' title='bbox 1638 2194 1832 2266; x_wconf 90' lang='lat' dir='ltr'>nostrorum</span> <span class='ocrx_word' id='word_1_130' title='bbox 1865 2194 2050 2281; x_wconf 88' lang='lat' dir='ltr'>memoria,</span> 
     </span>
    </p>
   </div>
   <div class='ocr_carea' id='block_1_7' title="bbox 310 2305 2052 2452">
    <p class='ocr_par' dir='ltr' id='par_1_7' title="bbox 310 2305 2052 2452">
     <span class='ocr_line' id='line_1_13' title="bbox 310 2305 2052 2452; baseline 0.006 -63"><span class='ocrx_word' id='word_1_131' title='bbox 310 2305 374 2430; x_wconf 51' lang='lat' dir='ltr'>sss}</span> <span class='ocrx_word' id='word_1_132' title='bbox 395 2319 413 2430; x_wconf 37' lang='grc' dir='ltr'>Ἰ</span> <span class='ocrx_word' id='word_1_133' title='bbox 452 2321 676 2452; x_wconf 68' lang='lat' dir='ltr'>pcfflquam</span> <span class='ocrx_word' id='word_1_134' title='bbox 668 2322 814 2396; x_wconf 80' lang='lat' dir='ltr'>immani</span> <span class='ocrx_word' id='word_1_135' title='bbox 833 2342 865 2392; x_wconf 93' lang='lat' dir='ltr'>et</span> <span class='ocrx_word' id='word_1_136' title='bbox 883 2321 1111 2393; x_wconf 85' lang='lat' dir='ltr'>audactffimo</span> <span class='ocrx_word' id='word_1_137' title='bbox 1127 2321 1211 2392; x_wconf 91' lang='lat' dir='ltr'>ausu</span> <span class='ocrx_word' id='word_1_138' title='bbox 1241 2320 1445 2421; x_wconf 80' lang='lat' dir='ltr'>longinquae</span> <span class='ocrx_word' id='word_1_139' title='bbox 1473 2321 1539 2393; x_wconf 87' lang='lat' dir='ltr'>illae</span> <span class='ocrx_word' id='word_1_140' title='bbox 1571 2324 1810 2422; x_wconf 84' lang='lat' dir='ltr'>navigationes</span> <span class='ocrx_word' id='word_1_141' title='bbox 1840 2347 2052 2399; x_wconf 87' lang='lat' dir='ltr'>transmare</span> 
     </span>
    </p>
   </div>
   <div class='ocr_carea' id='block_1_8' title="bbox 399 2425 2053 2672">
    <p class='ocr_par' dir='ltr' id='par_1_8' title="bbox 359 2425 2053 2672">
     <span class='ocr_line' id='line_1_14' title="bbox 452 2425 2053 2568; baseline 0 -45"><span class='ocrx_word' id='word_1_142' title='bbox 452 2425 639 2568; x_wconf 43' lang='lat' dir='ltr'>biduum</span> <span class='ocrx_word' id='word_1_143' title='bbox 663 2448 786 2521; x_wconf 86' lang='lat' dir='ltr'>tentari</span> <span class='ocrx_word' id='word_1_144' title='bbox 806 2468 990 2545; x_wconf 86' lang='lat' dir='ltr'>occoeptae.</span> <span class='ocrx_word' id='word_1_145' title='bbox 1045 2449 1153 2519; x_wconf 90' lang='lat' dir='ltr'>Tunc</span> <span class='ocrx_word' id='word_1_146' title='bbox 1177 2447 1272 2521; x_wconf 90' lang='lat' dir='ltr'>enim</span> <span class='ocrx_word' id='word_1_147' title='bbox 1292 2448 1453 2521; x_wconf 89' lang='lat' dir='ltr'>homines</span> <span class='ocrx_word' id='word_1_148' title='bbox 1480 2449 1594 2535; x_wconf 80' lang='lat' dir='ltr'>dotti,</span> <span class='ocrx_word' id='word_1_149' title='bbox 1622 2471 1656 2521; x_wconf 91' lang='lat' dir='ltr'>et</span> <span class='ocrx_word' id='word_1_150' title='bbox 1683 2451 1744 2545; x_wconf 90' lang='lat' dir='ltr'>qui</span> <span class='ocrx_word' id='word_1_151' title='bbox 1775 2450 1877 2546; x_wconf 91' lang='lat' dir='ltr'>supra</span> <span class='ocrx_word' id='word_1_152' title='bbox 1906 2473 2053 2523; x_wconf 72' lang='lat' dir='ltr'>eeteros</span> 
     </span>
     <span class='ocr_line' id='line_1_15' title="bbox 399 2541 2049 2672; baseline 0.001 -26"><span class='ocrx_word' id='word_1_153' title='bbox 399 2585 403 2592; x_wconf 90' lang='lat'>&#39;</span> <span class='ocrx_word' id='word_1_154' title='bbox 450 2541 622 2672; x_wconf 73' lang='lat' dir='ltr'>saperent,</span> <span class='ocrx_word' id='word_1_155' title='bbox 649 2573 685 2647; x_wconf 92' lang='lat' dir='ltr'>id</span> <span class='ocrx_word' id='word_1_156' title='bbox 711 2571 812 2644; x_wconf 85' lang='lat' dir='ltr'>unice</span> <span class='ocrx_word' id='word_1_157' title='bbox 839 2596 982 2668; x_wconf 81' lang='lat' dir='ltr'>operam</span> <span class='ocrx_word' id='word_1_158' title='bbox 1011 2573 1064 2644; x_wconf 87' lang='lat' dir='ltr'>de</span> <span class='ocrx_word' id='word_1_159' title='bbox 1062 2573 1199 2661; x_wconf 89' lang='lat' dir='ltr'>lerunt</span> <span class='ocrx_word' id='word_1_160' title='bbox 1226 2593 1266 2643; x_wconf 94' lang='lat' dir='ltr'>ut</span> <span class='ocrx_word' id='word_1_161' title='bbox 1286 2573 1378 2644; x_wconf 89' lang='lat' dir='ltr'>certa</span> <span class='ocrx_word' id='word_1_162' title='bbox 1404 2573 1522 2670; x_wconf 87' lang='lat' dir='ltr'>aliqua</span> <span class='ocrx_word' id='word_1_163' title='bbox 1550 2573 1657 2645; x_wconf 82' lang='lat' dir='ltr'>ratio</span> <span class='ocrx_word' id='word_1_164' title='bbox 1651 2599 1682 2645; x_wconf 92' lang='lat' dir='ltr'>e</span> <span class='ocrx_word' id='word_1_165' title='bbox 1713 2595 1746 2646; x_wconf 89' lang='lat' dir='ltr'>et</span> <span class='ocrx_word' id='word_1_166' title='bbox 1777 2574 1833 2646; x_wconf 89' lang='lat' dir='ltr'>via</span> <span class='ocrx_word' id='word_1_167' title='bbox 1857 2575 2049 2672; x_wconf 86' lang='lat' dir='ltr'>navigandi</span> 
     </span>
    </p>
   </div>
   <div class='ocr_carea' id='block_1_9' title="bbox 297 2691 2054 3173">
    <p class='ocr_par' dir='ltr' id='par_1_9' title="bbox 297 2681 2054 3173">
     <span class='ocr_line' id='line_1_16' title="bbox 299 2691 2052 2791; baseline -0.001 -25"><span class='ocrx_word' id='word_1_168' title='bbox 299 2747 318 2784; x_wconf 54' lang='lat'>.‚</span> <span class='ocrx_word' id='word_1_169' title='bbox 452 2717 563 2769; x_wconf 83' lang='lat' dir='ltr'>artem</span> <span class='ocrx_word' id='word_1_170' title='bbox 581 2693 841 2780; x_wconf 87' lang='lat' dir='ltr'>constituerent,</span> <span class='ocrx_word' id='word_1_171' title='bbox 869 2717 947 2788; x_wconf 89' lang='lat' dir='ltr'>quae</span> <span class='ocrx_word' id='word_1_172' title='bbox 978 2692 1012 2762; x_wconf 90' lang='lat' dir='ltr'>in</span> <span class='ocrx_word' id='word_1_173' title='bbox 1031 2718 1074 2764; x_wconf 90' lang='lat' dir='ltr'>eo</span> <span class='ocrx_word' id='word_1_174' title='bbox 1092 2712 1165 2766; x_wconf 89' lang='lat' dir='ltr'>tota</span> <span class='ocrx_word' id='word_1_175' title='bbox 1194 2691 1353 2765; x_wconf 73' lang='lat' dir='ltr'>maxime</span> <span class='ocrx_word' id='word_1_176' title='bbox 1379 2691 1429 2764; x_wconf 88' lang='lat' dir='ltr'>est</span> <span class='ocrx_word' id='word_1_177' title='bbox 1455 2695 1527 2779; x_wconf 78' lang='lat' dir='ltr'>sata,</span> <span class='ocrx_word' id='word_1_178' title='bbox 1555 2712 1593 2764; x_wconf 93' lang='lat' dir='ltr'>ut</span> <span class='ocrx_word' id='word_1_179' title='bbox 1621 2692 1882 2791; x_wconf 83' lang='lat' dir='ltr'>longitudinem</span> <span class='ocrx_word' id='word_1_180' title='bbox 1907 2715 1942 2767; x_wconf 90' lang='lat' dir='ltr'>et</span> <span class='ocrx_word' id='word_1_181' title='bbox 1971 2693 2052 2766; x_wconf 91' lang='lat' dir='ltr'>lati·</span> 
     </span>
     <span class='ocr_line' id='line_1_17' title="bbox 297 2819 2051 2926; baseline -0.001 -29"><span class='ocrx_word' id='word_1_182' title='bbox 297 2827 319 2926; x_wconf 32' lang='grc' dir='ltr'>Ἰ</span> <span class='ocrx_word' id='word_1_183' title='bbox 356 2859 359 2869; x_wconf 91' lang='grc'><em>·</em></span> <span class='ocrx_word' id='word_1_184' title='bbox 453 2827 614 2897; x_wconf 80' lang='lat' dir='ltr'>tudinem</span> <span class='ocrx_word' id='word_1_185' title='bbox 633 2819 799 2918; x_wconf 89' lang='lat' dir='ltr'>cujusque</span> <span class='ocrx_word' id='word_1_186' title='bbox 817 2821 886 2893; x_wconf 91' lang='lat' dir='ltr'>loci</span> <span class='ocrx_word' id='word_1_187' title='bbox 906 2824 1057 2895; x_wconf 82' lang='lat' dir='ltr'>habeant</span> <span class='ocrx_word' id='word_1_188' title='bbox 1074 2825 1307 2918; x_wconf 86' lang='lat' dir='ltr'>exploratam.</span> <span class='ocrx_word' id='word_1_189' title='bbox 1359 2824 1521 2918; x_wconf 73' lang='lat' dir='ltr'>Quarum</span> <span class='ocrx_word' id='word_1_190' title='bbox 1548 2823 1654 2894; x_wconf 91' lang='lat' dir='ltr'>altera</span> <span class='ocrx_word' id='word_1_191' title='bbox 1682 2847 1727 2896; x_wconf 84' lang='lat' dir='ltr'>ex</span> <span class='ocrx_word' id='word_1_192' title='bbox 1750 2822 2051 2897; x_wconf 83' lang='lat' dir='ltr'>observationibus</span> 
     </span>
     <span class='ocr_line' id='line_1_18' title="bbox 297 2946 2050 3048; baseline 0 -22"><span class='ocrx_word' id='word_1_193' title='bbox 297 2982 306 2998; x_wconf 83' lang='grc'><em>·</em></span> <span class='ocrx_word' id='word_1_194' title='bbox 453 2950 651 3025; x_wconf 89' lang='lat' dir='ltr'>eoelestibus</span> <span class='ocrx_word' id='word_1_195' title='bbox 669 2949 760 3020; x_wconf 89' lang='lat' dir='ltr'>haud</span> <span class='ocrx_word' id='word_1_196' title='bbox 785 2949 981 3019; x_wconf 79' lang='lat' dir='ltr'>admodum</span> <span class='ocrx_word' id='word_1_197' title='bbox 1002 2946 1192 3019; x_wconf 70' lang='lat' dir='ltr'>difficulter</span> <span class='ocrx_word' id='word_1_198' title='bbox 1220 2947 1379 3042; x_wconf 70' lang='lat' dir='ltr'>quotidie</span> <span class='ocrx_word' id='word_1_199' title='bbox 1397 2948 1540 3020; x_wconf 92' lang='lat' dir='ltr'>eruitur.</span> <span class='ocrx_word' id='word_1_200' title='bbox 1593 2951 1654 3022; x_wconf 85' lang='lat' dir='ltr'>Ad</span> <span class='ocrx_word' id='word_1_201' title='bbox 1683 2950 1913 3048; x_wconf 78' lang='lat' dir='ltr'>longitudinis</span> <span class='ocrx_word' id='word_1_202' title='bbox 1930 2969 2050 3026; x_wconf 87' lang='lat' dir='ltr'>autent</span> 
     </span>
     <span class='ocr_line' id='line_1_19' title="bbox 452 3069 2054 3173; baseline 0.001 -25.834"><span class='ocrx_word' id='word_1_203' title='bbox 452 3073 757 3169; x_wconf 84' lang='lat' dir='ltr'>investigationem</span> <span class='ocrx_word' id='word_1_204' title='bbox 780 3071 867 3143; x_wconf 89' lang='lat' dir='ltr'>nihil</span> <span class='ocrx_word' id='word_1_205' title='bbox 893 3072 1040 3168; x_wconf 80' lang='lat' dir='ltr'>usquam</span> <span class='ocrx_word' id='word_1_206' title='bbox 1059 3074 1202 3145; x_wconf 84' lang='lat' dir='ltr'>extabat</span> <span class='ocrx_word' id='word_1_207' title='bbox 1231 3069 1369 3160; x_wconf 89' lang='lat' dir='ltr'>auxilii,</span> <span class='ocrx_word' id='word_1_208' title='bbox 1396 3094 1455 3144; x_wconf 91' lang='lat' dir='ltr'>aut</span> <span class='ocrx_word' id='word_1_209' title='bbox 1484 3072 1644 3168; x_wconf 85' lang='lat' dir='ltr'>praefidii.</span> <span class='ocrx_word' id='word_1_210' title='bbox 1698 3075 1864 3148; x_wconf 85' lang='lat' dir='ltr'>Tandem</span> <span class='ocrx_word' id='word_1_211' title='bbox 1897 3078 2054 3173; x_wconf 72' lang='lat' dir='ltr'>Magnes</span> 
     </span>
    </p>
   </div>
   <div class='ocr_carea' id='block_1_10' title="bbox 449 3197 2135 5509">
    <p class='ocr_par' dir='ltr' id='par_1_10' title="bbox 449 3197 2135 5408">
     <span class='ocr_line' id='line_1_20' title="bbox 453 3197 2048 3302; baseline -0.001 -25"><span class='ocrx_word' id='word_1_212' title='bbox 453 3224 625 3302; x_wconf 89' lang='lat' dir='ltr'>repertus,</span> <span class='ocrx_word' id='word_1_213' title='bbox 653 3222 750 3275; x_wconf 82' lang='lat' dir='ltr'>etex</span> <span class='ocrx_word' id='word_1_214' title='bbox 769 3199 848 3297; x_wconf 76' lang='lat' dir='ltr'>ipsis</span> <span class='ocrx_word' id='word_1_215' title='bbox 866 3220 965 3273; x_wconf 85' lang='lat' dir='ltr'>terrae</span> <span class='ocrx_word' id='word_1_216' title='bbox 985 3199 1177 3275; x_wconf 87' lang='lat' dir='ltr'>visceribus</span> <span class='ocrx_word' id='word_1_217' title='bbox 1195 3201 1244 3273; x_wconf 90' lang='lat' dir='ltr'>est</span> <span class='ocrx_word' id='word_1_218' title='bbox 1267 3219 1410 3285; x_wconf 82' lang='lat' dir='ltr'>erutus3</span> <span class='ocrx_word' id='word_1_219' title='bbox 1437 3197 1556 3274; x_wconf 79' lang='lat' dir='ltr'>sartum</span> <span class='ocrx_word' id='word_1_220' title='bbox 1584 3199 1786 3296; x_wconf 87' lang='lat' dir='ltr'>impolitum</span> <span class='ocrx_word' id='word_1_221' title='bbox 1819 3201 1854 3275; x_wconf 92' lang='lat' dir='ltr'>id</span> <span class='ocrx_word' id='word_1_222' title='bbox 1884 3202 2048 3298; x_wconf 91' lang='lat' dir='ltr'>quidem,</span> 
     </span>
     <span class='ocr_line' id='line_1_21' title="bbox 452 3329 2049 3428; baseline 0 -23"><span class='ocrx_word' id='word_1_223' title='bbox 452 3333 552 3405; x_wconf 75' lang='lat' dir='ltr'>nullo</span> <span class='ocrx_word' id='word_1_224' title='bbox 579 3330 778 3428; x_wconf 88' lang='lat' dir='ltr'>splendore,</span> <span class='ocrx_word' id='word_1_225' title='bbox 818 3354 985 3425; x_wconf 88' lang='lat' dir='ltr'>opacum,</span> <span class='ocrx_word' id='word_1_226' title='bbox 1019 3329 1192 3426; x_wconf 91' lang='lat' dir='ltr'>asperum,</span> <span class='ocrx_word' id='word_1_227' title='bbox 1231 3329 1407 3417; x_wconf 87' lang='lat' dir='ltr'>scabrum,</span> <span class='ocrx_word' id='word_1_228' title='bbox 1445 3330 1564 3401; x_wconf 92' lang='lat' dir='ltr'>colore</span> <span class='ocrx_word' id='word_1_229' title='bbox 1591 3329 1814 3427; x_wconf 61' lang='lat' dir='ltr'>ferruginem</span> <span class='ocrx_word' id='word_1_230' title='bbox 1854 3329 1910 3404; x_wconf 89' lang='lat' dir='ltr'>sed</span> <span class='ocrx_word' id='word_1_231' title='bbox 1937 3331 2049 3405; x_wconf 82' lang='lat' dir='ltr'>cuivis</span> 
     </span>
     <span class='ocr_line' id='line_1_22' title="bbox 452 3451 2048 3552; baseline 0 -24"><span class='ocrx_word' id='word_1_232' title='bbox 452 3480 605 3552; x_wconf 84' lang='lat' dir='ltr'>gemmae</span> <span class='ocrx_word' id='word_1_233' title='bbox 633 3455 753 3526; x_wconf 74' lang='lat' dir='ltr'>contra</span> <span class='ocrx_word' id='word_1_234' title='bbox 770 3455 1062 3548; x_wconf 88' lang='lat' dir='ltr'>comparandum.</span> <span class='ocrx_word' id='word_1_235' title='bbox 1114 3451 1189 3525; x_wconf 91' lang='lat' dir='ltr'>Hic</span> <span class='ocrx_word' id='word_1_236' title='bbox 1211 3452 1258 3524; x_wconf 91' lang='lat' dir='ltr'>est</span> <span class='ocrx_word' id='word_1_237' title='bbox 1283 3451 1342 3524; x_wconf 90' lang='lat' dir='ltr'>ille</span> <span class='ocrx_word' id='word_1_238' title='bbox 1368 3476 1526 3549; x_wconf 85' lang='lat' dir='ltr'>magnes,</span> <span class='ocrx_word' id='word_1_239' title='bbox 1555 3456 1616 3549; x_wconf 87' lang='lat' dir='ltr'>qui</span> <span class='ocrx_word' id='word_1_240' title='bbox 1646 3454 1748 3525; x_wconf 83' lang='lat' dir='ltr'>nostri</span> <span class='ocrx_word' id='word_1_241' title='bbox 1768 3452 1939 3544; x_wconf 84' lang='lat' dir='ltr'>misertus,</span> <span class='ocrx_word' id='word_1_242' title='bbox 1969 3478 2048 3529; x_wconf 89' lang='lat' dir='ltr'>tan·</span> 
     </span>
     <span class='ocr_line' id='line_1_23' title="bbox 452 3574 2051 3677; baseline 0.001 -25"><span class='ocrx_word' id='word_1_243' title='bbox 452 3606 559 3677; x_wconf 90' lang='lat' dir='ltr'>quam</span> <span class='ocrx_word' id='word_1_244' title='bbox 579 3577 842 3650; x_wconf 82' lang='lat' dir='ltr'>officiofisstmus</span> <span class='ocrx_word' id='word_1_245' title='bbox 860 3574 1035 3672; x_wconf 66' lang='grc' dir='ltr'><em>ξενίγωγος,</em></span> <span class='ocrx_word' id='word_1_246' title='bbox 1064 3577 1203 3648; x_wconf 88' lang='lat' dir='ltr'>miseros</span> <span class='ocrx_word' id='word_1_247' title='bbox 1232 3580 1409 3661; x_wconf 87' lang='lat' dir='ltr'>mortales,</span> <span class='ocrx_word' id='word_1_248' title='bbox 1437 3578 1542 3649; x_wconf 77' lang='lat' dir='ltr'>etiam</span> <span class='ocrx_word' id='word_1_249' title='bbox 1570 3580 1652 3649; x_wconf 85' lang='lat' dir='ltr'>vitae</span> <span class='ocrx_word' id='word_1_250' title='bbox 1682 3577 1749 3651; x_wconf 71' lang='lat' dir='ltr'>suas</span> <span class='ocrx_word' id='word_1_251' title='bbox 1777 3580 1960 3677; x_wconf 87' lang='lat' dir='ltr'>prodigos,</span> <span class='ocrx_word' id='word_1_252' title='bbox 1988 3605 2051 3677; x_wconf 88' lang='lat' dir='ltr'>per</span> 
     </span>
     <span class='ocr_line' id='line_1_24' title="bbox 452 3700 2135 3800; baseline 0 -24"><span class='ocrx_word' id='word_1_253' title='bbox 452 3726 567 3777; x_wconf 92' lang='lat' dir='ltr'>totum</span> <span class='ocrx_word' id='word_1_254' title='bbox 588 3723 754 3774; x_wconf 89' lang='lat' dir='ltr'>terrarum</span> <span class='ocrx_word' id='word_1_255' title='bbox 775 3701 897 3772; x_wconf 88' lang='lat' dir='ltr'>orbem</span> <span class='ocrx_word' id='word_1_256' title='bbox 916 3700 1028 3775; x_wconf 82' lang='lat' dir='ltr'>saltos</span> <span class='ocrx_word' id='word_1_257' title='bbox 1054 3724 1088 3775; x_wconf 88' lang='lat' dir='ltr'>et</span> <span class='ocrx_word' id='word_1_258' title='bbox 1106 3701 1247 3800; x_wconf 89' lang='lat' dir='ltr'>sospites</span> <span class='ocrx_word' id='word_1_259' title='bbox 1265 3703 1479 3787; x_wconf 89' lang='lat' dir='ltr'>deduceret·,</span> <span class='ocrx_word' id='word_1_260' title='bbox 1507 3723 1541 3774; x_wconf 92' lang='lat' dir='ltr'>et</span> <span class='ocrx_word' id='word_1_261' title='bbox 1568 3704 1602 3774; x_wconf 90' lang='lat' dir='ltr'>in</span> <span class='ocrx_word' id='word_1_262' title='bbox 1628 3704 1705 3798; x_wconf 81' lang='lat' dir='ltr'>ipsis</span> <span class='ocrx_word' id='word_1_263' title='bbox 1723 3702 1886 3792; x_wconf 82' lang='lat' dir='ltr'>tenebris,</span> <span class='ocrx_word' id='word_1_264' title='bbox 1914 3703 2049 3776; x_wconf 91' lang='lat' dir='ltr'>erroui·</span> <span class='ocrx_word' id='word_1_265' title='bbox 2132 3721 2135 3726; x_wconf 86' lang='lat'>&#39;</span> 
     </span>
     <span class='ocr_line' id='line_1_25' title="bbox 452 3825 2048 3921; baseline -0.001 -22"><span class='ocrx_word' id='word_1_266' title='bbox 452 3830 518 3899; x_wconf 91' lang='lat' dir='ltr'>bus</span> <span class='ocrx_word' id='word_1_267' title='bbox 536 3827 602 3899; x_wconf 90' lang='lat' dir='ltr'>illis</span> <span class='ocrx_word' id='word_1_268' title='bbox 619 3825 733 3898; x_wconf 85' lang='lat' dir='ltr'>facem</span> <span class='ocrx_word' id='word_1_269' title='bbox 752 3826 941 3906; x_wconf 83' lang='lat' dir='ltr'>allucerct;</span> <span class='ocrx_word' id='word_1_270' title='bbox 969 3851 1010 3898; x_wconf 90' lang='lat' dir='ltr'>ae</span> <span class='ocrx_word' id='word_1_271' title='bbox 1030 3826 1149 3912; x_wconf 73' lang='lat' dir='ltr'>nosllt,</span> <span class='ocrx_word' id='word_1_272' title='bbox 1169 3825 1333 3909; x_wconf 80' lang='lat' dir='ltr'>interdiu,</span> <span class='ocrx_word' id='word_1_273' title='bbox 1361 3848 1530 3920; x_wconf 91' lang='lat' dir='ltr'>tanquam</span> <span class='ocrx_word' id='word_1_274' title='bbox 1549 3826 1791 3897; x_wconf 87' lang='lat' dir='ltr'>nomenclator</span> <span class='ocrx_word' id='word_1_275' title='bbox 1808 3825 1949 3921; x_wconf 90' lang='lat' dir='ltr'>aliquis,</span> <span class='ocrx_word' id='word_1_276' title='bbox 1968 3849 2048 3898; x_wconf 90' lang='lat' dir='ltr'>om·</span> 
     </span>
     <span class='ocr_line' id='line_1_26' title="bbox 452 3947 2050 4046; baseline 0 -21"><span class='ocrx_word' id='word_1_277' title='bbox 452 3955 552 4025; x_wconf 84' lang='lat' dir='ltr'>trium</span> <span class='ocrx_word' id='word_1_278' title='bbox 571 3949 737 4024; x_wconf 90' lang='lat' dir='ltr'>cursuum</span> <span class='ocrx_word' id='word_1_279' title='bbox 755 3948 872 4046; x_wconf 79' lang='lat' dir='ltr'>plagas</span> <span class='ocrx_word' id='word_1_280' title='bbox 892 3947 1044 4036; x_wconf 87' lang='lat' dir='ltr'>referret,</span> <span class='ocrx_word' id='word_1_281' title='bbox 1072 3972 1105 4022; x_wconf 90' lang='lat' dir='ltr'>et</span> <span class='ocrx_word' id='word_1_282' title='bbox 1124 3949 1186 4022; x_wconf 86' lang='lat' dir='ltr'>fidi</span> <span class='ocrx_word' id='word_1_283' title='bbox 1214 3950 1395 4022; x_wconf 90' lang='lat' dir='ltr'>monitoris</span> <span class='ocrx_word' id='word_1_284' title='bbox 1423 3949 1581 4022; x_wconf 87' lang='lat' dir='ltr'>officium</span> <span class='ocrx_word' id='word_1_285' title='bbox 1609 3951 1747 4023; x_wconf 76' lang='lat' dir='ltr'>laceret</span> <span class='ocrx_word' id='word_1_286' title='bbox 1804 3956 1924 4046; x_wconf 83' lang='lat' dir='ltr'>Atque</span> <span class='ocrx_word' id='word_1_287' title='bbox 1952 3951 2050 4025; x_wconf 86' lang='lat' dir='ltr'>illinc</span> 
     </span>
     <span class='ocr_line' id='line_1_27' title="bbox 452 4052 2047 4169; baseline -0.001 -23"><span class='ocrx_word' id='word_1_288' title='bbox 452 4075 655 4146; x_wconf 84' lang='lat' dir='ltr'>hominibus</span> <span class='ocrx_word' id='word_1_289' title='bbox 686 4072 864 4167; x_wconf 82' lang='lat' dir='ltr'>sagacibus</span> <span class='ocrx_word' id='word_1_290' title='bbox 893 4071 1061 4168; x_wconf 83' lang='lat' dir='ltr'>cogitatio</span> <span class='ocrx_word' id='word_1_291' title='bbox 1093 4052 1232 4169; x_wconf 74' lang='lat' dir='ltr'>iujecla,</span> <span class='ocrx_word' id='word_1_292' title='bbox 1270 4075 1395 4145; x_wconf 88' lang='lat' dir='ltr'>horum</span> <span class='ocrx_word' id='word_1_293' title='bbox 1426 4071 1589 4145; x_wconf 86' lang='lat' dir='ltr'>cursuum</span> <span class='ocrx_word' id='word_1_294' title='bbox 1618 4073 1817 4144; x_wconf 69' lang='lat' dir='ltr'>atl&#39;estioues</span> <span class='ocrx_word' id='word_1_295' title='bbox 1852 4073 2047 4146; x_wconf 78' lang='lat' dir='ltr'>accuratius</span> 
     </span>
     <span class='ocr_line' id='line_1_28' title="bbox 452 4192 2047 4291; baseline 0 -22"><span class='ocrx_word' id='word_1_296' title='bbox 452 4197 639 4269; x_wconf 88' lang='lat' dir='ltr'>scrutandi.</span> <span class='ocrx_word' id='word_1_297' title='bbox 693 4195 802 4265; x_wconf 92' lang='lat' dir='ltr'>Uude</span> <span class='ocrx_word' id='word_1_298' title='bbox 836 4192 923 4264; x_wconf 91' lang='lat' dir='ltr'>illud</span> <span class='ocrx_word' id='word_1_299' title='bbox 951 4197 1121 4268; x_wconf 78' lang='lat' dir='ltr'>continui&gt;</span> <span class='ocrx_word' id='word_1_300' title='bbox 1152 4215 1327 4282; x_wconf 89' lang='lat' dir='ltr'>notatum,</span> <span class='ocrx_word' id='word_1_301' title='bbox 1366 4195 1599 4291; x_wconf 88' lang='lat' dir='ltr'>longitudinis</span> <span class='ocrx_word' id='word_1_302' title='bbox 1629 4218 1662 4266; x_wconf 91' lang='lat' dir='ltr'>et</span> <span class='ocrx_word' id='word_1_303' title='bbox 1695 4195 1886 4266; x_wconf 84' lang='lat' dir='ltr'>latitudinis</span> <span class='ocrx_word' id='word_1_304' title='bbox 1911 4195 2047 4268; x_wconf 85' lang='lat' dir='ltr'>investi·</span> 
     </span>
     <span class='ocr_line' id='line_1_29' title="bbox 453 4314 2045 4417; baseline -0.003 -26"><span class='ocrx_word' id='word_1_305' title='bbox 453 4322 578 4417; x_wconf 85' lang='lat' dir='ltr'>gantlae</span> <span class='ocrx_word' id='word_1_306' title='bbox 597 4317 763 4388; x_wconf 85' lang='lat' dir='ltr'>rationem</span> <span class='ocrx_word' id='word_1_307' title='bbox 786 4317 973 4410; x_wconf 87' lang='lat' dir='ltr'>perbellam</span> <span class='ocrx_word' id='word_1_308' title='bbox 992 4317 1072 4388; x_wconf 86' lang='lat' dir='ltr'>ltine</span> <span class='ocrx_word' id='word_1_309' title='bbox 1094 4319 1185 4409; x_wconf 78' lang='lat' dir='ltr'>post&#39;e</span> <span class='ocrx_word' id='word_1_310' title='bbox 1203 4314 1374 4398; x_wconf 80' lang='lat' dir='ltr'>derivari3</span> <span class='ocrx_word' id='word_1_311' title='bbox 1403 4336 1436 4385; x_wconf 91' lang='lat' dir='ltr'>et</span> <span class='ocrx_word' id='word_1_312' title='bbox 1463 4339 1507 4386; x_wconf 90' lang='lat' dir='ltr'>cx</span> <span class='ocrx_word' id='word_1_313' title='bbox 1539 4314 1657 4386; x_wconf 84' lang='lat' dir='ltr'>cutstis</span> <span class='ocrx_word' id='word_1_314' title='bbox 1684 4315 1800 4409; x_wconf 68' lang='lat' dir='ltr'>plagit,</span> <span class='ocrx_word' id='word_1_315' title='bbox 1828 4338 1936 4411; x_wconf 85' lang='lat' dir='ltr'>atque</span> <span class='ocrx_word' id='word_1_316' title='bbox 1956 4315 2045 4387; x_wconf 83' lang='lat' dir='ltr'>aesli-</span> 
     </span>
     <span class='ocr_line' id='line_1_30' title="bbox 452 4437 2044 4538; baseline -0.004 -22"><span class='ocrx_word' id='word_1_317' title='bbox 452 4444 544 4516; x_wconf 66' lang='lat' dir='ltr'>matd</span> <span class='ocrx_word' id='word_1_318' title='bbox 570 4441 640 4534; x_wconf 86' lang='lat' dir='ltr'>ejus</span> <span class='ocrx_word' id='word_1_319' title='bbox 660 4439 865 4532; x_wconf 87' lang='lat' dir='ltr'>quantitate,</span> <span class='ocrx_word' id='word_1_320' title='bbox 885 4438 962 4509; x_wconf 88' lang='lat' dir='ltr'>istas</span> <span class='ocrx_word' id='word_1_321' title='bbox 987 4439 1146 4533; x_wconf 66' lang='lat' dir='ltr'>quotidii·</span> <span class='ocrx_word' id='word_1_322' title='bbox 1165 4441 1208 4509; x_wconf 74' lang='lat' dir='ltr'>atl</span> <span class='ocrx_word' id='word_1_323' title='bbox 1228 4442 1378 4511; x_wconf 86' lang='lat' dir='ltr'>abacum</span> <span class='ocrx_word' id='word_1_324' title='bbox 1400 4437 1527 4511; x_wconf 86' lang='lat' dir='ltr'>venire.</span> <span class='ocrx_word' id='word_1_325' title='bbox 1568 4440 1609 4509; x_wconf 90' lang='lat' dir='ltr'>In</span> <span class='ocrx_word' id='word_1_326' title='bbox 1629 4437 1815 4509; x_wconf 87' lang='lat' dir='ltr'>scrutandis</span> <span class='ocrx_word' id='word_1_327' title='bbox 1835 4438 1941 4534; x_wconf 82' lang='lat' dir='ltr'>igitur</span> <span class='ocrx_word' id='word_1_328' title='bbox 1960 4439 2044 4538; x_wconf 85' lang='lat' dir='ltr'>legi·</span> 
     </span>
     <span class='ocr_line' id='line_1_31' title="bbox 452 4559 2046 4661; baseline -0.003 -22"><span class='ocrx_word' id='word_1_329' title='bbox 452 4572 516 4640; x_wconf 84' lang='lat' dir='ltr'>bus</span> <span class='ocrx_word' id='word_1_330' title='bbox 534 4564 604 4661; x_wconf 82' lang='lat' dir='ltr'>ejus</span> <span class='ocrx_word' id='word_1_331' title='bbox 624 4562 737 4648; x_wconf 79' lang='lat' dir='ltr'>linere,</span> <span class='ocrx_word' id='word_1_332' title='bbox 765 4587 844 4656; x_wconf 84' lang='lat' dir='ltr'>quae</span> <span class='ocrx_word' id='word_1_333' title='bbox 864 4563 1069 4655; x_wconf 71' lang='lat' dir='ltr'>magnetica</span> <span class='ocrx_word' id='word_1_334' title='bbox 1094 4560 1176 4633; x_wconf 78' lang='lat' dir='ltr'>actis</span> <span class='ocrx_word' id='word_1_335' title='bbox 1195 4563 1302 4632; x_wconf 73' lang='lat' dir='ltr'>dudu</span> <span class='ocrx_word' id='word_1_336' title='bbox 1331 4563 1349 4632; x_wconf 75' lang='lat' dir='ltr'>a</span> <span class='ocrx_word' id='word_1_337' title='bbox 1380 4562 1529 4632; x_wconf 81' lang='lat' dir='ltr'>navibus</span> <span class='ocrx_word' id='word_1_338' title='bbox 1555 4561 1774 4643; x_wconf 80' lang='lat' dir='ltr'>describitur,</span> <span class='ocrx_word' id='word_1_339' title='bbox 1802 4559 1911 4656; x_wconf 84' lang='lat' dir='ltr'>iisque</span> <span class='ocrx_word' id='word_1_340' title='bbox 1941 4588 2046 4636; x_wconf 88' lang='lat' dir='ltr'>accu-</span> 
     </span>
     <span class='ocr_line' id='line_1_32' title="bbox 449 4683 2043 4780; baseline -0.002 -19"><span class='ocrx_word' id='word_1_341' title='bbox 449 4691 553 4763; x_wconf 80' lang='lat' dir='ltr'>tatius</span> <span class='ocrx_word' id='word_1_342' title='bbox 569 4685 798 4780; x_wconf 85' lang='lat' dir='ltr'>explicandis,</span> <span class='ocrx_word' id='word_1_343' title='bbox 826 4684 987 4755; x_wconf 82' lang='lat' dir='ltr'>certatim</span> <span class='ocrx_word' id='word_1_344' title='bbox 1013 4689 1030 4755; x_wconf 74' lang='lat' dir='ltr'>a</span> <span class='ocrx_word' id='word_1_345' title='bbox 1056 4684 1169 4756; x_wconf 70' lang='lat' dir='ltr'>dussis</span> <span class='ocrx_word' id='word_1_346' title='bbox 1194 4684 1320 4777; x_wconf 74' lang='lat' dir='ltr'>pariter</span> <span class='ocrx_word' id='word_1_347' title='bbox 1348 4706 1381 4756; x_wconf 83' lang='lat' dir='ltr'>et</span> <span class='ocrx_word' id='word_1_348' title='bbox 1408 4684 1557 4755; x_wconf 71' lang='lat' dir='ltr'>includis</span> <span class='ocrx_word' id='word_1_349' title='bbox 1583 4686 1759 4779; x_wconf 51' lang='lat' dir='ltr'>integrum</span> <span class='ocrx_word' id='word_1_350' title='bbox 1784 4683 1859 4778; x_wconf 79' lang='lat' dir='ltr'>jam</span> <span class='ocrx_word' id='word_1_351' title='bbox 1879 4684 2043 4758; x_wconf 72' lang='lat' dir='ltr'>saeculum</span> 
     </span>
     <span class='ocr_line' id='line_1_33' title="bbox 449 4810 2043 4904; baseline -0.004 -13"><span class='ocrx_word' id='word_1_352' title='bbox 449 4823 640 4892; x_wconf 84' lang='lat' dir='ltr'>laboratur.</span> <span class='ocrx_word' id='word_1_353' title='bbox 694 4812 789 4883; x_wconf 90' lang='lat' dir='ltr'>Cum</span> <span class='ocrx_word' id='word_1_354' title='bbox 822 4810 1051 4904; x_wconf 88' lang='lat' dir='ltr'>longitudinis</span> <span class='ocrx_word' id='word_1_355' title='bbox 1083 4811 1301 4881; x_wconf 79' lang='lat' dir='ltr'>invenienda</span> <span class='ocrx_word' id='word_1_356' title='bbox 1333 4812 1388 4881; x_wconf 80' lang='lat' dir='ltr'>cia</span> <span class='ocrx_word' id='word_1_357' title='bbox 1421 4813 1453 4881; x_wconf 87' lang='lat' dir='ltr'>iu</span> <span class='ocrx_word' id='word_1_358' title='bbox 1476 4811 1698 4882; x_wconf 65' lang='lat' dir='ltr'>tuctliumad</span> <span class='ocrx_word' id='word_1_359' title='bbox 1725 4813 1819 4880; x_wconf 83' lang='lat' dir='ltr'>nulla</span> <span class='ocrx_word' id='word_1_360' title='bbox 1837 4835 1935 4884; x_wconf 84' lang='lat' dir='ltr'>extet</span> <span class='ocrx_word' id='word_1_361' title='bbox 1962 4813 2043 4904; x_wconf 88' lang='lat' dir='ltr'>alia,</span> 
     </span>
     <span class='ocr_line' id='line_1_34' title="bbox 452 4928 2042 5035; baseline -0.001 -26"><span class='ocrx_word' id='word_1_362' title='bbox 452 4959 671 5035; x_wconf 65' lang='lat' dir='ltr'>preteream</span> <span class='ocrx_word' id='word_1_363' title='bbox 690 4958 809 5018; x_wconf 91' lang='lat' dir='ltr'>uuam,</span> <span class='ocrx_word' id='word_1_364' title='bbox 829 4954 909 5025; x_wconf 86' lang='lat' dir='ltr'>quae</span> <span class='ocrx_word' id='word_1_365' title='bbox 927 4928 1008 5000; x_wconf 74' lang='lat' dir='ltr'>actis</span> <span class='ocrx_word' id='word_1_366' title='bbox 1027 4929 1233 5024; x_wconf 76' lang='lat' dir='ltr'>magnetica²</span> <span class='ocrx_word' id='word_1_367' title='bbox 1254 4929 1384 5000; x_wconf 85' lang='lat' dir='ltr'>indicio</span> <span class='ocrx_word' id='word_1_368' title='bbox 1402 4928 1544 4998; x_wconf 70' lang='lat' dir='ltr'>eruitur.</span> <span class='ocrx_word' id='word_1_369' title='bbox 1601 4931 1644 4998; x_wconf 71' lang='lat' dir='ltr'>lit</span> <span class='ocrx_word' id='word_1_370' title='bbox 1666 4929 1819 5025; x_wconf 73' lang='lat' dir='ltr'>prosedb</span> <span class='ocrx_word' id='word_1_371' title='bbox 1836 4958 1958 5006; x_wconf 86' lang='lat' dir='ltr'>omues</span> <span class='ocrx_word' id='word_1_372' title='bbox 1974 4960 2042 5009; x_wconf 86' lang='lat' dir='ltr'>orae</span> 
     </span>
     <span class='ocr_line' id='line_1_35' title="bbox 451 5049 2040 5150; baseline 0.001 -20"><span class='ocrx_word' id='word_1_373' title='bbox 451 5058 636 5130; x_wconf 86' lang='lat' dir='ltr'>tuarititnae</span> <span class='ocrx_word' id='word_1_374' title='bbox 665 5058 755 5126; x_wconf 78' lang='lat' dir='ltr'>lianc</span> <span class='ocrx_word' id='word_1_375' title='bbox 784 5052 948 5126; x_wconf 86' lang='lat' dir='ltr'>incudem</span> <span class='ocrx_word' id='word_1_376' title='bbox 968 5050 1042 5147; x_wconf 88' lang='lat' dir='ltr'>jam</span> <span class='ocrx_word' id='word_1_377' title='bbox 1073 5052 1135 5122; x_wconf 70' lang='lat' dir='ltr'>dib</span> <span class='ocrx_word' id='word_1_378' title='bbox 1166 5049 1380 5131; x_wconf 72' lang='lat' dir='ltr'>tuditdtunt3</span> <span class='ocrx_word' id='word_1_379' title='bbox 1418 5076 1531 5145; x_wconf 77' lang='lat' dir='ltr'>neque</span> <span class='ocrx_word' id='word_1_380' title='bbox 1562 5051 1596 5122; x_wconf 88' lang='lat' dir='ltr'>id</span> <span class='ocrx_word' id='word_1_381' title='bbox 1629 5053 1795 5150; x_wconf 85' lang='lat' dir='ltr'>privatim</span> <span class='ocrx_word' id='word_1_382' title='bbox 1830 5055 1956 5143; x_wconf 82' lang='lat' dir='ltr'>solinu,</span> <span class='ocrx_word' id='word_1_383' title='bbox 1983 5059 2040 5134; x_wconf 90' lang='lat' dir='ltr'>sed</span> 
     </span>
     <span class='ocr_line' id='line_1_36' title="bbox 451 5173 2041 5274; baseline 0.004 -24"><span class='ocrx_word' id='word_1_384' title='bbox 451 5181 557 5255; x_wconf 71' lang='lat' dir='ltr'>etidm</span> <span class='ocrx_word' id='word_1_385' title='bbox 577 5176 731 5274; x_wconf 72' lang='lat' dir='ltr'>publice.</span> <span class='ocrx_word' id='word_1_386' title='bbox 783 5177 891 5248; x_wconf 75' lang='lat' dir='ltr'>Sensit</span> <span class='ocrx_word' id='word_1_387' title='bbox 921 5199 960 5246; x_wconf 86' lang='lat' dir='ltr'>ea</span> <span class='ocrx_word' id='word_1_388' title='bbox 988 5200 1041 5247; x_wconf 88' lang='lat' dir='ltr'>res</span> <span class='ocrx_word' id='word_1_389' title='bbox 1069 5195 1101 5244; x_wconf 91' lang='lat' dir='ltr'>et</span> <span class='ocrx_word' id='word_1_390' title='bbox 1121 5173 1293 5261; x_wconf 82' lang='lat' dir='ltr'>Velltam,</span> <span class='ocrx_word' id='word_1_391' title='bbox 1325 5174 1522 5265; x_wconf 76' lang='lat' dir='ltr'>Illrrstrifflmi</span> <span class='ocrx_word' id='word_1_392' title='bbox 1552 5179 1709 5265; x_wconf 72' lang='lat' dir='ltr'>Ordines,</span> <span class='ocrx_word' id='word_1_393' title='bbox 1738 5204 1880 5274; x_wconf 84' lang='lat' dir='ltr'>quoque</span> <span class='ocrx_word' id='word_1_394' title='bbox 1908 5209 2041 5259; x_wconf 87' lang='lat' dir='ltr'>curam.</span> 
     </span>
     <span class='ocr_line' id='line_1_37' title="bbox 449 5298 2041 5408; baseline 0.004 -32"><span class='ocrx_word' id='word_1_395' title='bbox 449 5303 596 5408; x_wconf 72' lang='lat' dir='ltr'>Quoties</span> <span class='ocrx_word' id='word_1_396' title='bbox 614 5300 708 5374; x_wconf 90' lang='lat' dir='ltr'>euim</span> <span class='ocrx_word' id='word_1_397' title='bbox 729 5300 972 5375; x_wconf 85' lang='lat' dir='ltr'>liberalitatem</span> <span class='ocrx_word' id='word_1_398' title='bbox 993 5298 1140 5371; x_wconf 76' lang='lat' dir='ltr'>uestram</span> <span class='ocrx_word' id='word_1_399' title='bbox 1160 5299 1330 5373; x_wconf 77' lang='lat' dir='ltr'>sensnum</span> <span class='ocrx_word' id='word_1_400' title='bbox 1358 5299 1394 5384; x_wconf 93' lang='lat' dir='ltr'>ii,</span> <span class='ocrx_word' id='word_1_401' title='bbox 1423 5300 1485 5394; x_wconf 90' lang='lat' dir='ltr'>qui</span> <span class='ocrx_word' id='word_1_402' title='bbox 1510 5299 1815 5375; x_wconf 82' lang='lat' dir='ltr'>loxodtomiatum</span> <span class='ocrx_word' id='word_1_403' title='bbox 1841 5305 1938 5379; x_wconf 91' lang='lat' dir='ltr'>usum</span> <span class='ocrx_word' id='word_1_404' title='bbox 1955 5306 2041 5383; x_wconf 88' lang='lat' dir='ltr'>saci·</span> 
     </span>
    </p>

    <p class='ocr_par' dir='ltr' id='par_1_11' title="bbox 1916 5432 2039 5509">
     <span class='ocr_line' id='line_1_38' title="bbox 1916 5432 2039 5509; baseline 0.065 -7"><span class='ocrx_word' id='word_1_405' title='bbox 1916 5432 2039 5509; x_wconf 86' lang='lat' dir='ltr'>liorem</span> 
     </span>
    </p>
   </div>
   <div class='ocr_carea' id='block_1_11' title="bbox 0 0 2414 6659">
    <p class='ocr_par' dir='ltr' id='par_1_12' title="bbox 0 0 2414 6659">
     <span class='ocr_line' id='line_1_39' title="bbox 0 0 2414 6659; baseline 0 0"><span class='ocrx_word' id='word_1_406' title='bbox 0 0 2414 6659; x_wconf 95' lang='lat' dir='ltr'> </span> 
     </span>
    </p>
   </div>
  </div>
 </body>
</html>
