4817 6659
1110 716 1327 812 (¹42)

813 1183 1097 1264 cinnameus
1124 1191 1405 1265 Parnrnrroun
1431 1191 1559 1268 Ltnnr
1583 1193 1614 1272 1.

622 1397 801 1518 INrrenti
828 1406 934 1480 secuit
951 1408 1084 1504 primus
1101 1412 1160 1506 qui
1180 1437 1269 1486 nave
1287 1411 1521 1508 profundum,

705 1503 754 1574 Et
778 1506 926 1580 rudibus
944 1509 1048 1582 remis
1066 1512 1262 1585 sollicitavit
1278 1535 1409 1608 aquasr
1493 1557 1497 1564 -

618 1598 692 1697 Qri
709 1601 828 1676 dubiis
845 1605 945 1679 ausus
963 1611 1184 1684 committere
1209 1612 1353 1685 flatibus
1368 1609 1505 1698 alnum,

669 1701 769 1797 Qus
786 1723 910 1777 natura
935 1727 1052 1804 negat,
1079 1710 1230 1806 praebuit
1251 1707 1426 1785 arterias.

617 1797 838 1896 Tranquillis
857 1802 1013 1901 primum
1029 1810 1186 1906 trepidus
1205 1813 1236 1883 se
1253 1807 1405 1885 credidit
1421 1807 1540 1900 undis,

669 1897 811 1973 Littora
834 1903 954 1977 securo
972 1909 1111 1980 tramite
1129 1907 1265 1982 summa
1282 1913 1413 2006 legens.

620 1995 718 2071 Mox
735 1999 864 2114 longos
881 2022 1011 2076 tentare
1028 2008 1131 2095 finus,
1161 2026 1195 2079 et
1214 2011 1371 2105 linquere
1387 2025 1493 2080 terras

673 2097 722 2170 Et
748 2100 819 2172 lenr
835 2102 944 2197 coepit
961 2105 1116 2202 pandere
1131 2109 1210 2179 vela
1227 2110 1340 2181 Noto.

616 2191 682 2270 Ast
698 2196 762 2270 ubi
782 2202 951 2296 paulatim
970 2228 1124 2300 praeceps
1141 2207 1288 2279 audacia
1303 2208 1427 2295 crevit,

666 2296 857 2397 Cordique
873 2302 1099 2400 languentem
1117 2305 1321 2379 dedidicere
1338 2329 1487 2392 metum,

618 2393 703 2491 Jam
720 2419 831 2496 vagus
849 2400 973 2498 irrupit
992 2404 1130 2502 pelago,
1156 2403 1359 2502 coeltimque
1383 2405 1563 2504 sequutus,

668 2493 812 2594 AEgaeas
829 2499 986 2598 hyemes,
1013 2501 1228 2601 Ioniumque
1244 2506 1382 2580 domat.

1925 3143 1951 3228 p
1962 3181 1980 3214 .-

886 3268 1078 3358 emarus,
1104 3268 1192 3344 Lib.
1210 3265 1350 3342 xxxvi.
1374 3267 1465 3364 Cap.
1488 3264 1549 3342 16.
1906 3225 1925 3274 i
1944 3233 2023 3346 ’ἐζ
2064 3355 2071 3368 .
2097 3303 2118 3382 .-

413 3483 497 3652 A'
516 3489 762 3567 Marmoribus
794 3487 1006 3588 digredienti
1038 3491 1083 3565 ad
1115 3491 1331 3590 reliquorum
1368 3492 1527 3589 lapidum
1556 3489 1707 3592 infignes
1738 3513 1893 3587 naturas,
1932 3501 2013 3598 quis

513 3591 651 3666 dubitet
669 3591 705 3663 in
724 3590 845 3688 primis
863 3591 1059 3688 Magneten
1077 3595 1287 3666 occurrere?
1315 3592 1415 3686 Qtid
1433 3592 1528 3666 enim
1544 3593 1766 3668 mirabilius?
1792 3601 1868 3670 Ant
1885 3602 1957 3696 qua
1974 3602 2013 3675 in
2084 3629 2087 3634 ·

414 3713 514 3790 parte
539 3690 650 3806 major
672 3712 802 3765 naturae
831 3689 1066 3788 improbitas?
1097 3692 1254 3766 Dederat
1276 3716 1404 3766 vocem
1430 3690 1532 3780 saxis,
1557 3715 1600 3766 ut
1625 3692 1782 3770 vidimus
1798 3696 2012 3793 responden-

411 3813 488 3869 tem
506 3791 659 3881 hommi,
684 3790 759 3864 imo
781 3789 865 3865 vero
886 3809 921 3863 et
938 3790 1156 3886 loquentem.
1209 3790 1311 3887 Qrid
1334 3791 1462 3889 lapidis
1488 3791 1603 3891 rigore
1626 3792 1791 3891 pigrius?
1820 3799 1916 3871 Ecce
1932 3797 2011 3874 sen.

414 3891 471 3966 sus
496 3890 687 3987 manusque
710 3889 832 3963 tribuit
849 3888 911 3964 illi.
962 3890 1063 3986 Qrid
1088 3888 1168 3963 ferri
1188 3890 1320 3964 duritii
1338 3890 1566 3988 pugnacius?
1598 3894 1671 3967 Sed
1698 3894 1793 3968 cedit
1821 3914 1856 3970 et
1881 3898 2012 3994 patitur

414 4015 555 4066 mores:
584 3991 730 4064 trahitur
753 4013 910 4085 namque
940 3988 962 4060 it
989 4010 1154 4088 magnete
1179 3990 1310 4088 lapide,
1342 3988 1585 4088 domitrixque
1613 3992 1673 4066 illa
1702 4016 1819 4067 rerum
1849 3999 2013 4075 omnium

412 4089 559 4166 materia
574 4091 618 4164 ad
643 4090 744 4163 inane
763 4088 878 4162 nescio
895 4086 983 4184 quid
1001 4110 1131 4163 cutrrt:
1159 4109 1280 4188 atque,
1299 4111 1338 4164 ut
1355 4090 1499 4202 propitia
1515 4089 1624 4177 venit,
1650 4091 1776 4181 affistit,
1802 4094 2013 4195 teneturque

411 4212 450 4267 et
476 4193 669 4289 complexu
698 4192 819 4264 haeret.
873 4187 1041 4261 Sideritin
1070 4190 1115 4262 ab
1142 4192 1211 4263 hoc
1237 4190 1309 4264 alio
1337 4213 1482 4263 nomme
1506 4192 1701 4288 appellant,
1728 4193 1874 4289 quidam
1894 4195 2010 4273 Hera.

415 4294 527 4366 clean.
579 4292 732 4386 Magnes
748 4288 943 4386 appellatus
961 4286 1008 4361 est
1031 4291 1077 4362 ab
1095 4288 1277 4366 inventore
1292 4296 1352 4376 (ut
1369 4310 1469 4362 autor
1486 4288 1535 4361 est
1564 4291 1600 4361 N
1605 4289 1779 4385 icander,)
1798 4292 1833 4365 in
1861 4291 1926 4365 Idi
1956 4321 2011 4372 re.

414 4413 546 4490 pertus.
598 4390 698 4462 Nam
727 4411 760 4460 et
779 4386 907 4485 passim
935 4386 1123 4477 invenitur,
1148 4409 1187 4460 ut
1217 4387 1253 4459 in
1277 4386 1452 4485 Hispanii
1482 4412 1637 4485 quoque.
1690 4389 1863 4464 inveniffe
1887 4416 2011 4471 autem

411 4491 536 4579 fertur,
563 4487 670 4563 clavis
686 4487 913 4587 crepidarum
929 4505 965 4559 et
982 4486 1096 4562 baculi
1114 4485 1258 4585 cuspide
1274 4488 1502 4577 haerentibus,
1519 4511 1603 4562 cum
1619 4511 1778 4565 armenta
1794 4490 1956 4589 pascerer.
