4817 6659
719 793 881 850 ΤῙΗῙ.
936 794 1153 848 ΒΑΤΔΥ.
1208 797 1323 850 ΗΒ.
1364 798 1396 846 1.

782 1122 1242 1197 PROPOSITIO
1293 1127 1339 1198 V.

316 1318 541 1408 Veltficatioris
558 1322 666 1415 cursus
683 1319 850 1393 circularis
867 1320 1011 1414 efficito,
1041 1346 1109 1394 curn
1127 1328 1216 1395 retii
1234 1326 1268 1395 in
1286 1327 1527 1421 Septentrionem
1545 1343 1575 1397 et
1594 1326 1768 1417 meridiem,
1793 1345 1854 1402 aret

262 1434 366 1491 ortum
383 1433 415 1492 et
433 1423 573 1515 occasum
592 1422 760 1516 dirigitur.

766 1700 1226 1774 PROPOSlTIO
1277 1703 1342 1776 VI.

157 1893 187 2004 '¹22
219 1875 277 1932 '³⁴'
311 1902 534 1991 Velifieationis
552 1905 658 2000 rursus
681 1902 716 1970 ιἰι
740 1901 988 1993 Septentrionem
1015 1913 1073 1970 aut
1097 1898 1257 1972 meridiem
1284 1898 1415 1972 maximi
1439 1898 1553 1972 circuli
1577 1904 1797 1997 peripheriam

205 1997 219 2022 ‘
980 2020 1139 2115 referiret.

190 2251 221 2320 :,.'
258 2215 447 2372 HOC
435 2217 529 2291 enim
556 2219 656 2315 paslo
675 2218 787 2291 Navis
816 2217 973 2314 semper
967 2244 1001 2289 ιιι
1027 2217 1155 2290 eodem
1181 2214 1375 2289 meridiano
1392 2217 1557 2305 versatur,
1586 2220 1648 2292 sub
1665 2244 1738 2317 quo
1767 2219 1847 2297 inde

157 2318 177 2360 ’·
207 2325 235 2354 ’·
340 2318 447 2439 'nb
440 2318 540 2391 tuitio
572 2317 784 2392 constiterat.
838 2315 951 2413 Atqui
979 2316 1191 2399 meridianos
1216 2317 1284 2387 ell'e
1307 2317 1482 2390 maximos
1507 2320 1658 2414 Sphaerae
1686 2321 1847 2413 circulos,

241 2398 393 2533 peririis}
422 2418 586 2515 ignotum
611 2417 659 2488 est
683 2442 743 2511 qut
735 2418 818 2489 vel
836 2417 958 2489 leviter
984 2413 1158 2511 Spbaerica
1174 2414 1420 2609 degustaverit.
1474 2418 1600 2516 ltaque

204 2529 226 2552 ”¹
276 2541 495 2637 :Quindecim
514 2543 748 2611 maritimorum
766 2539 958 2611 milliarium
977 2545 1083 2635 cursus
1099 2538 1235 2632 hirrpoli
1261 2538 1478 2612 Henationem
1495 2566 1553 2613 unr
1567 2544 1677 2637 gradu
1692 2546 1838 2617 evariat.

234 2727 236 2733 .
282 2665 493 2760 Quorum
522 2660 696 2734 maritima
727 2664 792 2734 srve
817 2660 955 2736 nautica
979 2658 1175 2740 milliaria&
1197 2660 1340 2735 terrenis
1358 2682 1393 2735 et
1420 2663 1563 2737 horariis
1586 2663 1730 2755 distent,
1757 2662 1846 2739 infre

258 2762 491 2905 propositione
508 2764 629 2835 odaia
650 2761 798 2833 dicetur.

278 3003 356 3176 'rije
752 3056 1215 3131 PROPOSITIO
1268 3057 1350 3128 Vll.

314 3151 382 3250 eil

189 3319 193 3328 .
220 3316 239 3360 ‚e
257 3225 484 3378 Vitellianis
501 3261 635 3346 curlus
624 3279 658 3326 ιιι
675 3270 779 3328 ortum
797 3269 855 3325 erut
870 3261 1021 3353 percisum,
1034 3255 1102 3344 sub
1119 3256 1336 3349 equinodiali
1352 3254 1472 3353 quidem
1490 3257 1662 3330 marimum
1680 3259 1845 3349 circulum,

594 3386 689 3455 extri
706 3396 811 3455 autem
831 3408 899 3454 eum
905 3387 1033 3480 semper
1049 3384 1125 3455 huic
1137 3380 1333 3475 parallelum
1357 3383 1514 3479 describit

314 3580 367 3651 IT
393 3580 486 3653 enim
519 3580 608 3653 linea
632 3580 786 3654 carinam
815 3579 1010 3652 mediam
996 3607 1016 3651 a
1042 3581 1144 3676 prora
1168 3581 1213 3652 ad
1240 3579 1391 3677 puppim
1419 3579 1547 3666 secans,
1583 3604 1692 3674 quam
1725 3579 1846 3678 τριπίδιι

333 3681 450 3753 Graeti
478 3701 620 3767 vocant,
647 3678 841 3752 meridiano
864 3703 1081 3774 quocunque
1098 3678 1133 3750 in
1157 3679 1238 3752 loco
1264 3678 1577 3775 perpendiculum,
1605 3700 1681 3749 tum
1700 3679 1847 3773 quidem

255 3779 352 3850 navis
380 3780 471 3851 resli
501 3800 616 3850 ortum
643 3801 702 3851 aut
730 3780 894 3850 occasum
922 3775 1100 3872 spestabit.
1152 3780 1200 3849 Et
1231 3778 1267 3850 id
1296 3777 1478 3848 meridiani
1515 3777 1735 3888 segmentum
1761 3801 1847 3849 cum

255 3877 370 3950 carini
387 3880 448 3951 fibi
466 3880 572 3951 affixi
589 3877 691 3976 super
716 3876 840 3950 mundi
861 3879 948 3972 polis
972 3877 1188 3949 circumduci
1216 3877 1454 3973 intelligatur3
1481 3876 1591 3950 haec
1585 3876 1691 3971 egitur
1717 3878 1846 3949 carinae

241 3977 346 4049 linea
364 4003 446 4051 curn
464 3979 629 4051 omnibus
655 3976 854 4051 meridianis
872 3976 1002 4072 quibus
1019 3977 1087 4049 hoc
1104 3975 1328 4072 segmentum
1347 3998 1521 4073 congruet
1539 3977 1686 4071 angulos
1706 4001 1845 4048 norma-

255 4077 303 4147 lcs
321 4079 621 4171 comprehendet:
657 4077 738 4147 Et
730 4097 777 4148 rra
794 4075 912 4149 circuli
933 4074 1164 4172 peripheriam
1188 4074 1429 4148 describet!
1416 4077 1517 4147 ldem
1536 4098 1651 4147 autem
1675 4076 1846 4148 efficietur

253 4178 277 4247 s1
305 4178 419 4247 carina
438 4178 498 4249 suo
523 4177 738 4273 proprioque
758 4195 857 4249 motu
885 4176 1059 4270 progressa
1085 4200 1146 4271 per
1170 4199 1291 4247 omnes
1309 4173 1521 4246 meridianos
1539 4174 1749 4258 normaliter,
1776 4176 1844 4248 hoc

252 4274 314 4359 est,
340 4296 457 4347 ortum
476 4300 533 4348 aut
552 4277 713 4349 occasum
735 4276 905 4371 speeiem,
922 4273 1079 4345 transeat
1133 4274 1229 4345 Haec
1254 4297 1347 4345 emm
1367 4273 1455 4344 linea
1481 4272 1531 4344 illi
1560 4293 1742 4369 congruet.
1795 4277 1844 4347 Et

254 4378 454 4470 propterea,
493 4400 578 4447 curu
608 4375 670 4447 sub
700 4373 935 4470 aequinosliali
961 4372 1025 4443 erit
1056 4374 1174 4445 motirs
1205 4370 1433 4468 principium,
1473 4397 1531 4483 per
1559 4370 1843 4494 aequinoilialeut

252 4477 429 4561 documen
457 4476 584 4559 donec,
615 4476 714 4546 obito
745 4477 847 4560 orbe,
872 4473 916 4545 ad
936 4473 1030 4544 idem
1061 4474 1233 4594 punclum
1258 4474 1355 4543 unde
1382 4472 1517 4542 moleri
1535 4491 1706 4582 coeperat
1716 4471 1842 4546 iterum

253 4575 460 4646 rellituntur.
500 4577 575 4657 lel‚
602 4577 622 4643 sr
642 4577 741 4645 extra
760 4572 1072 4669 requinodinlem
1060 4601 1078 4643 ιι
1098 4596 1315 4667 quocunque
1332 4572 1474 4642 tandem
1502 4573 1610 4643 loco
1604 4570 1744 4665 mcrpint
1767 4597 1843 4644 mo·

253 4676 340 4761 veri,
370 4697 402 4745 et
421 4676 680 4744 convertionem
701 4673 908 4766 mou'rmque
931 4671 1111 4743 continuet
1128 4673 1239 4743 donec
1259 4673 1302 4742 nd
1331 4672 1425 4743 idem
1447 4673 1617 4767 punitum
1637 4692 1842 4760 revertetur,

251 4772 319 4842 hoc
344 4777 465 4870 utique
488 4775 597 4845 duilu
617 4772 763 4844 omnino
782 4772 875 4844 illius
894 4772 959 4844 loci
980 4772 1184 4868 parallelum
1203 4771 1406 4867 designabit.
1463 4772 1586 4865 ltaque
1604 4769 1735 4843 constat
1753 4774 1842 4845 Pro·

253 4872 387 4969 pofitio.
