4817 6659
723 765 880 822 airu.
936 767 1155 832 assae.
1209 769 1325 820 aaa.
1370 770 1418 821 rr.
1796 752 1862 847 185

320 952 475 1028 Matina
503 951 702 1050 agitationis
724 971 759 1030 et
787 952 905 1027 mortis
934 953 1022 1029 ratio
1052 957 1140 1029 inter
1171 955 1347 1031 Brasrliam
1374 973 1409 1028 et
1437 956 1620 1052 Angolam
1638 956 1673 1029 in
1693 954 1863 1034 Africano

369 1057 531 1152 oppofito
547 1056 663 1127 littore
680 1056 776 1130 sitam
794 1054 858 1128 sub
875 1058 1041 1151 parallelo
1056 1059 1184 1130 oslavo
1200 1057 1249 1131 ita
1262 1056 1413 1130 obtinet.

318 1201 354 1271 A
373 1197 537 1272 vicefimlt
555 1199 612 1273 die
629 1201 763 1300 Aprilis
793 1203 838 1276 ad
856 1200 1053 1276 vicefimam
1073 1202 1161 1296 Julii
1189 1205 1328 1292 mensis,
1357 1201 1459 1276 maris
1488 1203 1615 1278 flodus
1643 1201 1802 1280 feruntur
1825 1202 1861 1282 itt

369 1299 692 1397 Zephyroboreaur,
719 1305 820 1375 nobis
838 1303 1090 1376 Noun-Well.

315 1446 352 1517 A
372 1468 420 1519 20
439 1444 526 1538 Julii
543 1447 589 1517 ad
609 1472 655 1520 20
671 1447 837 1521 Octobris
857 1449 951 1521 liaird
974 1447 1170 1522 admodirm
1188 1446 1224 1520 in
1242 1448 1352 1519 ullam
1369 1449 1513 1545 plagam
1531 1468 1729 1522 moventur.

315 1595 351 1666 A
372 1619 419 1669 20
444 1595 611 1668 Oelobris
633 1598 677 1668 ad
703 1619 749 1670 ao
776 1596 934 1689 Januarii
962 1597 1068 1670 maris
1095 1597 1225 1670 fluslus
1255 1593 1412 1667 seruntur
1443 1597 1563 1668 versus
1599 1596 1860 1697 Austrozeplry·

364 1719 460 1782 rum,
487 1695 588 1768 nobis
614 1696 844 1791 Zuyt·West.

156 1821 216 1960 *μζ
313 1846 352 1918 A
372 1868 418 1918 20
436 1844 595 1935 Januarii
619 1847 664 1918 ad
687 1869 732 1918 20
748 1845 881 1942 Aprilis
900 1845 1027 1918 iterum
1046 1844 1144 1917 nullo
1168 1865 1268 1917 motu
1294 1843 1444 1918 cientur.

239 1998 388 2091 -Atque
406 1997 483 2070 haec
511 2019 688 2070 momenta
707 2000 725 2069 {a
744 1996 887 2070 navium
907 1994 1078 2093 magistris
1102 1993 1222 2067 seduli>
1249 2016 1284 2069 et
1305 1995 1495 2095 diligenter
1520 1994 1597 2068 sunt
1628 1993 1857 2090 observanda,

157 2152 159 2161 .
217 2103 235 2158 ·.'
258 2117 347 2166 ¹cum
376 2095 487 2169 itineri
515 2098 771 2195 compendium
798 2118 986 2192 quaerunt:
1017 2096 1164 2169 Horum
1183 2096 1380 2194 ignorantia
1408 2116 1468 2167 aut
1493 2093 1710 2191 negligentia
1727 2098 1856 2191 partim

262 2195 408 2279 morbis,
435 2195 565 2291 partim
585 2195 717 2284 inediti,
747 2198 919 2295 plurimos
937 2196 1032 2267 letho
1050 2195 1160 2281 dedit,
1186 2197 1372 2270 deficiente
1402 2217 1616 2282 commeatu,
1643 2216 1703 2266 aut
1726 2198 1857 2269 morbis

180 2287 189 2300 '
227 2287 283 2374 ,ιὲ
310 2292 476 2366 diuturni
494 2296 593 2367 morai
611 2321 734 2370 eorum
760 2299 918 2370 membra
944 2295 1236 2393 depascentibus3
1265 2322 1347 2368 natu
1376 2316 1411 2368 et
1441 2296 1535 2367 venti
1561 2291 1632 2366 seri·
1660 2298 1722 2366 lios
1741 2319 1856 2370 motus

179 2382 227 2487 [ᾗ
259 2390 297 2462 in
317 2395 466 2467 eandem
495 2397 634 2492 plagam
652 2416 710 2468 aut
727 2398 939 2469 antecedunt
956 2417 1016 2466 aut
1034 2398 1272 2481 comitantum
1301 2416 1339 2468 ut
1366 2394 1487 2468 sruslra
1505 2396 1588 2468 huic
1617 2393 1772 2467 monstro
1790 2399 1856 2468 ob-

261 2491 395 2565 nitaris.
449 2493 667 2589 Hujusrnodi
696 2495 798 2568 maris
824 2494 1029 2593 agitationes
1045 2517 1080 2568 et
1109 2515 1227 2567 motus
1253 2497 1287 2567 in
1317 2495 1417 2569 variis
1442 2493 1527 2566 locis
1552 2494 1749 2566 adrnodnm
1778 2493 1857 2570 sunt

156 2545 217 2669 Er'a·
260 2590 348 2661 varii
379 2614 414 2664 et
442 2592 531 2667 inter
559 2594 592 2668 se
614 2596 826 2669 diffidentes.
879 2597 947 2669 Sed
978 2615 1017 2667 ut
1042 2595 1085 2668 ad
1114 2594 1312 2669 institutum
1340 2596 1495 2679 redeam,
1533 2616 1650 2666 motus
1681 2596 1786 2668 maris
1810 2598 1857 2670 ab

159 2689 170 2768 ,'
197 2759 199 2764 ,
261 2688 374 2762 insulsi
393 2694 498 2778 Bellti,
525 2713 559 2766 et
577 2692 679 2793 supra
698 2696 718 2768 *a
736 2693 824 2767 freto
842 2697 967 2783 Davis,
995 2694 1029 2767 in
1049 2694 1219 2769 orientem
1242 2716 1277 2769 et
1304 2694 1487 2767 meridiem
1517 2694 1589 2766 fere
1616 2690 1734 2766 fertur.
1787 2697 1855 2769 lta·

162 2823 164 2828 ·
256 2815 330 2886 que
354 2789 392 2863 in
408 2791 525 2866 nossro
550 2795 718 2891 exemplo
736 2794 883 2868 statuam
902 2793 1138 2868 meridianum
1153 2796 1201 2867 ad
1219 2819 1326 2892 quem
1344 2791 1564 2889 pervenerim
1583 2792 1855 2868 orientaliorem.

157 2911 159 2920 ·
259 2895 383 2984 Atque
402 2891 477 2964 haec
495 2893 596 2966 causa
620 2893 681 2980 est,
708 2919 784 2981 eur,
812 2893 874 2991 qui
900 2893 1000 2966 istinc
1017 2892 1236 2968 Britanniam
1258 2914 1317 2966 aut
1347 2894 1499 2965 Galliam
1518 2912 1656 2989 petunt,
1685 2893 1855 2970 mirentur

256 2990 320 3060 lias
347 3008 452 3061 terras
469 3013 565 3065 tanto
582 3014 662 3068 ante
679 2992 713 3067 se
729 2991 876 3094 aperire,
903 2994 1012 3092 quam
1032 2988 1108 3094 ipss,
1135 2992 1204 3067 suis
1228 2991 1339 3092 vulgi)
1358 2992 1487 3066 usitatis
1504 2990 1713 3086 conjecturis
1737 2993 1851 3084 duat,

252 3086 497 3170 existimarint

764 3352 1222 3434 PROPOSITIO
1275 3354 1345 3432 IX.

307 3585 345 3655 Si
367 3606 444 3655 acres
459 3586 637 3679 magnetica
654 3584 767 3658 curuis
787 3583 921 3681 plagam
946 3587 1125 3671 inertum,
1151 3582 1211 3655 vel
1233 3586 1267 3654 in
1285 3584 1435 3680 occrffum,
1463 3578 1567 3678 dirigi
1590 3579 1802 3673 praedones

524 3707 702 3800 observatio
725 3708 853 3783 eandm
878 3708 1023 3799 addicat,
1049 3707 1157 3780 nullas
1181 3708 1366 3783 corneliani
1391 3707 1457 3777 erit
1481 3706 1581 3780 locas.

343 3905 426 3976 AM
450 3901 506 3976 lric
530 3903 724 3979 observatio
742 3904 964 3980 aestimationi
992 3926 1027 3978 et
1045 3904 1258 4003 conjesturae
1279 3902 1497 3978 consentiet:
1523 3922 1627 4001 atque
1654 3904 1701 3978 ita
1726 3930 1848 3981 emen·

369 4004 478 4078 dandi
513 4025 776 4102 argumentum,
815 4006 971 4104 (quode
1003 4006 1073 4079 soll
1101 4004 1242 4077 istarum
1264 4003 1495 4099 discrepantis
1520 4005 1729 4095 derivatur,)
1767 4010 1849 4079 nul·

255 4104 331 4174 lum
363 4103 420 4175 hic
451 4105 552 4177 nobis
579 4105 752 4202 suppetet.
804 4106 905 4205 Quin
936 4105 1025 4179 aded
1052 4108 1156 4203 hujus
1183 4104 1303 4178 crustis
1328 4104 1415 4176 ratio
1445 4102 1493 4174 est
1518 4104 1654 4177 lubrica
1682 4125 1734 4189 ut,
1764 4131 1849 4181 curn

254 4204 349 4275 restit
366 4204 401 4275 in
430 4203 602 4276 orientem
619 4225 679 4277 aut
707 4204 928 4280 occidentem
959 4229 1095 4302 proram
1125 4203 1269 4302 diriges,
1295 4225 1330 4276 et
1353 4202 1547 4274 observatio
1563 4205 1718 4274 eundem
1734 4207 1846 4298 paral-

254 4303 365 4374 lelum
383 4302 536 4391 addicat,
562 4323 680 4376 tamen
708 4308 846 4379 occulta
873 4305 976 4377 maris
994 4303 1182 4400 agitatione
1209 4304 1428 4376 contrarium
1447 4300 1584 4374 evenire
1602 4303 1758 4375 naucleri
1787 4305 1845 4375 ln-

252 4402 352 4476 diam
368 4400 573 4476 orientalem
590 4402 847 4501 frequentantes
871 4401 1065 4478 eonstanter
1081 4402 1253 4475 nuntient.
1305 4404 1506 4474 Ventorum
1522 4400 1617 4474 enim
1635 4425 1676 4474 ea
1700 4403 1778 4475 istic
1795 4403 1846 4478 est

253 4500 357 4587 rado,
384 4522 422 4572 ut
441 4524 608 4597 tanquam
632 4506 742 4578 etesrae
769 4505 850 4604 (ipsi
879 4504 1033 4598 mcaffonas
1062 4502 1265 4600 indigitant)
1297 4504 1390 4574 certa
1412 4499 1495 4574 anni
1529 4501 1731 4595 tempestate
1759 4528 1845 4576 cou-

251 4599 370 4674 tinuos
388 4602 524 4698 aliquot
542 4603 676 4675 menses
695 4605 785 4676 ultro
808 4606 968 4702 citroque
993 4605 1101 4676 flente
1130 4600 1233 4674 matis
1261 4599 1345 4673 vcro
1361 4599 1506 4696 agitatio
1536 4598 1603 4673 suis
1622 4602 1777 4674 motibus
1795 4603 1845 4676 est

251 4702 432 4784 obnoxiat
460 4703 765 4798 quemadmodum
791 4706 1019 4777 antecedente
1043 4701 1316 4801 propofitioneai
1345 4701 1446 4773 nobis
1474 4698 1611 4773 dietum
1639 4699 1710 4773 est:
1737 4724 1845 4797 atque

251 4798 372 4887 itast,
399 4822 454 4887 ut,
480 4825 564 4874 curn
592 4800 749 4877 distentis
765 4805 851 4876 velis
868 4806 903 4876 in
928 4825 1045 4876 ortum
1065 4802 1214 4876 videatis
1239 4796 1479 4885 contendiffe;
1507 4800 1628 4872 c'ontra
1655 4823 1772 4874 tamen
1790 4826 1843 4891 re·

250 4897 308 4971 tri>
337 4898 373 4970 in
396 4900 556 4972 occasum
580 4901 619 4971 srs
647 4903 823 4996 abreptus.
877 4904 930 4975 Ita
956 4903 1044 4974 olim
1067 4901 1216 4997 quidam
1240 4901 1278 4969 S.
1305 4900 1456 4970 Helenae
1480 4896 1624 4971 insulam
1657 4898 1692 4971 in
1720 4899 1844 4974 medio

252 4997 341 5071 mari
357 4999 529 5086 aditurus,
558 4998 742 5096 postquam
764 5003 807 5074 ad
827 5000 899 5093 ejus
917 5001 1134 5096 parallelum,
1158 4999 1332 5096 graduum
1360 5021 1489 5094 nempe
1518 5000 1561 5069 16
1588 4998 1748 5071 austrinae
1768 5001 1845 5074 lati·

250 5096 399 5186 tudinis,
425 5100 632 5187 domuisset,
659 5122 695 5173 et
721 5101 805 5174 inde
830 5100 921 5173 reela
939 5098 1048 5194 ipsam
1066 5097 1211 5179 insulani
1229 5095 1291 5170 sub
1315 5097 1380 5170 isto
1405 5097 1571 5194 parallelo
1585 5117 1729 5195 peteret,
1758 5124 1844 5174 cum

161 5193 166 5204 '
249 5195 407 5269 secundo
437 5223 544 5270 vento
562 5200 652 5271 hane
668 5200 876 5297 propediem
893 5201 1052 5274 aditurus
1070 5199 1270 5271 videreturr
1296 5199 1439 5269 tandem
1458 5198 1548 5269 ultra
1565 5199 1844 5274 ducentesimum

247 5297 402 5369 milliare
426 5297 648 5370 occidentem
665 5301 783 5373 verslrs
800 5300 937 5386 distare,
961 5319 996 5372 et
1011 5298 1049 5374 in
1072 5297 1202 5372 tricinil
1225 5297 1401 5372 Americae
1417 5317 1452 5368 et
1469 5297 1618 5371 Branriae
1642 5297 1768 5372 versari
1794 5297 1844 5373 est

246 5395 511 5570 devehenlsp'm
545 5400 650 5472 maris
683 5401 814 5476 latente
843 5420 944 5482 motu
978 5419 1076 5570 tantBo
1092 5399 1289 5570 lintervallo
1314 5397 1503 5472 retrorsum
1519 5401 1701 5496 abreptus,
1721 5398 1844 5572 perspi}

339 5518 398 5568 or..
485 5549 496 5568 .
1737 5518 1776 5567 ru
1807 5520 1822 5567 r
