4817 6659
832 741 995 800 ‘rt-rra
1049 744 1263 800 tta-rar.
1316 745 1435 803 aar.
1479 749 1539 804 ra
1916 726 1994 827 τίς,

443 923 559 1016 litque
587 916 628 993 id
654 915 803 1016 quidem
831 941 932 996 tanto
959 921 1071 1021 magis
1102 922 1244 998 retineri
1273 926 1417 1022 expedit
1441 925 1546 1024 quod
1564 921 1627 996 ista
1651 919 1710 993 via
1727 921 1842 1019 vulgi)
1861 925 1989 1000 usitata·

384 1019 456 1092 sola
476 1018 770 1115 multiplicatione
788 1021 998 1095 absolvatur.
1053 1023 1150 1097 Nam
1169 1048 1247 1096 ems
1277 1027 1611 1120 meeodynamicum
1641 1020 1784 1119 singulis
1811 1027 1993 1118 parallelis·-

386 1121 550 1192 debitunt
568 1120 615 1192 est
635 1122 768 1215 primus
796 1122 905 1195 cruris
930 1123 1212 1217 mecodynamici
1238 1150 1407 1199 numerus
1436 1126 1496 1200 uni
1522 1126 1686 1218 scrupulo
1711 1129 1890 1216 appositus
1922 1149 1985 1220 per

385 1220 523 1292 radium
559 1246 695 1308 10,ooo
724 1218 883 1305 divisus3
921 1225 1227 1319 quemadmodum
1256 1225 1392 1299 constat·
1417 1253 1482 1328 per
1513 1224 1789 1325 propositionem
1820 1229 1864 1298 28
1900 1225 1990 1299 libri

386 1320 505 1419 primi.
555 1322 680 1417 ltaque
701 1344 738 1395 ur
755 1326 824 1395 hoc
842 1320 956 1420 ipsum
975 1320 1109 1396 facilius
1127 1324 1323 1397 absolvam.

436 1520 528 1608 Fiat,
557 1521 864 1617 quemadmodum
900 1548 1037 1613 10,0oo
1065 1522 1108 1594 ad
1144 1524 1384 1618 10,a45,416,
1416 1546 1545 1619 nempe
1576 1525 1818 1622 quadruplum
1847 1523 1984 1596 numeri

385 1623 638 1718 parallelomm·
660 1621 821 1695 canonici
844 1651 854 1707 ;
881 1621 928 1696 ita
958 1626 993 1697 in
1025 1626 1089 1695 hac
1118 1624 1245 1719 quintal
1272 1622 1499 1695 loxodromitl
1526 1629 1626 1710 (nam
1651 1627 1831 1717 cadatur)
1850 1623 1994 1717 primus·

384 1747 552 1793 numerus
570 1724 881 1817 mecodynamieus
901 1750 961 1820 per
979 1724 1115 1798 radium
1134 1721 1264 1795 divisus
1281 1731 1408 1814 r³a³r⁴tfe
1423 1724 1467 1795 ad
1495 1723 1657 1819 scrupula
1674 1725 1837 1797 evariatae
1866 1721 1992 1820 longi·-

310 1836 319 1922 ζ
384 1821 554 1894 tudinis6
575 1846 627 1918 gr.
653 1834 726 1917 23}
742 1820 814 1894 scr.
832 1845 869 1894 ut
890 1825 996 1918 prius.
1052 1823 1135 1896 Hoc
1153 1824 1214 1906 est,
1242 1844 1283 1895 ut
1310 1826 1522 1918 quadratum
1552 1825 1638 1896 radii
1663 1848 1913 1913 100,ooo,ooo
1939 1823 1986 1894 ad

389 1926 631 2017 10,245,416,
658 1923 798 1994 itacrus
815 1922 1274 2019 mecodynamicum-unius
1299 1922 1455 2019 paralleli
1483 1922 1518 1994 in
1543 1923 1634 1995 datae
1666 1924 1900 1999 loxodromiae
1930 1924 1989 1994 in·

384 2022 576 2094 clinatione
595 2043 704 2116 3741,
730 2023 776 2093 ad
792 2023 975 2117 quaesrtam
990 2022 1221 2119 longitudinis
1251 2021 1514 2095 evariationem.
1572 2025 1679 2097 Hanc
1709 2024 1816 2122 igitur
1842 2047 1985 2095 cervant

385 2147 451 2217 pro
479 2119 544 2193 ista
565 2121 761 2215 Iphigenia,
789 2141 829 2193 ut
857 2125 1040 2219 tragoedici
1071 2122 1195 2209 solent,
1233 2123 1300 2196 hoc
1329 2124 1407 2194 loco
1438 2120 1701 2215 subponemus:
1744 2150 1815 2196 non
1846 2124 1986 2194 tantum

339 2283 345 2296 .
385 2220 469 2317 quia
486 2220 551 2292 haic
569 2219 703 2294 saciliits
724 2221 867 2306 litatur;
895 2225 1020 2295 verum
1040 2221 1145 2294 ellim
1164 2220 1262 2318 quod
1292 2222 1380 2294 inter
1397 2221 1430 2292 se
1450 2222 1543 2293 haud
1562 2224 1758 2296 admodum
1776 2225 1984 2307 dissideant;

359 2411 362 2418 Ι
385 2341 423 2391 ut
446 2321 542 2391 illam
559 2321 714 2415 quidem·
725 2345 814 2393 curn*
827 2322 959 2394 ratione
976 2323 1213 2407 constitutam,
1241 2323 1333 2394 lianc
1364 2322 1448 2393 verit
1477 2326 1524 2394 ob
1551 2322 1754 2398 facilitatem
1774 2342 1808 2394 et
1835 2322 1985 2394 affinita-

302 2429 345 2468 '·
385 2439 458 2491 tem
493 2421 524 2491 ei
563 2420 797 2509 substitutam,
835 2424 1090 2494 concedamus..
1135 2423 1379 2511 Quamobrem
1412 2419 1473 2492 illa
1502 2423 1670 2495 hedenus
1701 2425 1745 2496 de
1775 2422 1994 2519 simplicium

382 2520 687 2592 loxodromiarum
707 2520 953 2595 emendatione
970 2523 1066 2594 diua
1083 2519 1272 2594 sufficiant..
1318 2522 1486 2617 Sequitur
1514 2524 1714 2596 emendatio
1743 2522 1987 2596 loxodromia-

383 2643 463 2690 rum
493 2624 791 2716 compositarum:
830 2646 919 2716 quae·
937 2621 971 2693 in
1004 2621 1196 2693 latitudinis
1231 2619 1456 2707 enodatione,
1492 2641 1526 2692 et
1557 2625 1666 2696 cruris
1699 2621 1983 2716 mecodynamici

385 2718 592 2813 quantitate,
613 2725 646 2790 in
666 2722 805 2816 singulis
824 2721 969 2818 quidem
985 2720 1240 2795 Loxodromiis
1260 2722 1475 2818 singularum
1495 2722 1822 2795 Loxodromiarum
1841 2720 1988 2808 seorsim

385 2819 481 2913 leges
512 2818 665 2914 sequitur
676 2842 747 2989 ;stat
764 2820 921 2919 junelim
940 2821 1006 2895 suis
1027 2821 1240 2917 quibusdam
1256 2822 1442 2919 praecptis
1462 2821 1607 2918 regitur,
1636 2821 1820 2921 inquibus
1839 2847 1882 2895 ne
1899 2844 1991 2919 pec-

385 2938 498 3006 cetur,
527 2939 681 2991 cautroe
713 2971 731 2991 .

889 3145 1371 3233 I’RO'P'OSITI'O¹
1403 3157 1494 3230 ΧΠ.

488 3357 606 3452 Cursus
622 3354 870 3454 compassurus,
897 3356 1024 3454 quando
1036 3359 1221 3451 priusquam
1247 3353 1455 3428 emendationi
1468 3354 1640 3454 secundem
1659 3355 1888 3456 velseruatastt

936 3479 1036 3571 locus,
1057 3482 1168 3574 plures
1195 3481 1436 3551 continuatur.

387 3637 503 3769 F'IT
533 3664 603 3713 non
632 3637 719 3724 rard,
746 3636 834 3735 quin
856 3637 946 3711 aded
976 3637 1049 3710 sere
1080 3638 1229 3735 semper,
1259 3657 1298 3709 ut
1320 3635 1437 3710 cursus
1465 3638 1511 3710 ab
1527 3634 1772 3711 observatione
1789 3634 1986 3715 altitudinis

471 3742 700 3812 antecedente
719 3738 1071 3835 usqueadproxime
1100 3744 1320 3835 sequentem,
1347 3761 1416 3809 non
1438 3738 1477 3809 stt
1501 3734 1658 3834 ejusdem
1677 3734 1840 3835 generis3
1866 3736 1922 3812 sed
1940 3765 1993 3814 ex-

385 3839 490 3913 variis
507 3840 669 3913 cursuum
694 3841 806 3937 plagis
822 3838 910 3910 illud
929 3839 1061 3911 itineris
1084 3838 1319 3911 intervallum·
1340 3857 1598 3932 componatur:
1628 3857 1664 3908 ut
1692 3837 1803 3910 modu
1828 3837 1863 3910 in
1880 3842 1985 3913 meri.

385 3939 480 4011 diem
502 3961 649 4038 vergat3
675 3938 758 4011 inde
776 3937 928 4011 vicissim
949 3940 981 4009 in
1001 3938 1285 4035 septentrionem,
1305 3936 1499 4010 secundum
1517 3935 1621 4008 aliam
1639 3958 1744 4034 atque
1762 3936 1866 4009 aliam
1883 3939 1985 4024 loxo-

385 4040 574 4128 dromiam,
602 4041 639 4111 fir
657 4039 909 4136 obliquandus,
939 4042 992 4111 rel
1020 4039 1226 4136 subaliquo
1244 4040 1409 4135 parallelo
1436 4035 1656 4133 dirigendus.
1710 4036 1860 4110 sustituti
1887 4038 1985 4113 enim

385 4137 519 4212 itineris
544 4139 675 4228 cursus,
702 4140 750 4210 ob
768 4160 936 4211 terrarum
964 4141 997 4209 in
1028 4139 1136 4211 maria
1154 4140 1416 4211 excurrentium
1445 4137 1632 4232 margines,
1660 4136 1750 4232 saepe
1767 4135 1984 4212 articulatim

386 4239 627 4327 delumbatur,
660 4258 692 4311 et
725 4263 788 4335 per
817 4238 968 4312 diversas
1000 4240 1118 4333 plagas
1146 4236 1351 4323 infleslitur,
1389 4235 1643 4333 frangiturque.
1697 4237 1750 4308 Ut
1780 4238 1910 4310 filrinc
1938 4262 1985 4311 ex

385 4338 585 4412 Hollandial
615 4339 679 4412 sub
697 4339 866 4436 parallelo
881 4340 1171 4435 quinquagesimo
1190 4337 1345 4410 secundo
1363 4339 1481 4409 Gades
1502 4357 1607 4433 atque
1625 4336 1660 4407 in
1685 4357 1882 4408 extremam
1900 4337 1984 4410 His·

386 4439 530 4536 paniam
562 4440 727 4537 navigare
754 4437 930 4510 instituas:
960 4438 1114 4534 primum
1144 4439 1292 4535 quidem
1320 4439 1356 4510 iu
1381 4433 1609 4510 'occidentem
1637 4435 1863 4508 loxodromia
1888 4439 1983 4534 quast

386 4538 544 4636 quintia
564 4537 711 4611 meridie
729 4539 791 4610 erit
811 4538 873 4612 tibi
892 4540 1195 4627 contendendum,
1211 4538 1318 4635 usqne
1336 4539 1381 4609 ad
1399 4536 1578 4609 summum
1592 4556 1626 4606 et
1644 4556 1843 4609 extremum
1857 4539 1985 4612 Galliae

385 4641 669 4737 promontorium
686 4640 864 4711 Gobaeum
883 4641 903 4710 a
919 4641 1117 4712 Ptolomaeo
1131 4638 1347 4726 dislam‚.cui
1363 4637 1472 4711 insula
1489 4637 1715 4736 praetenditur
1732 4635 1854 4711 nostris
1870 4640 1984 4712 nautis

384 4741 507 4835 Eysarrt
533 4740 639 4828 uiua,
668 4737 731 4811 sub
750 4741 916 4833 parallelo
934 4744 1022 4831 485
1051 4740 1112 4835 qui
1129 4762 1246 4811 tamen
1264 4741 1381 4811 cursus
1399 4739 1525 4810 interea
1548 4737 1732 4832 aliquoties
1749 4738 1983 4811 deartuandus

386 4838 446 4912 est.
500 4839 598 4911 Hinc
615 4839 691 4932 jam
711 4838 853 4934 propius
884 4840 929 4910 ad
956 4838 1136 4911 meridiem
1165 4838 1433 4924 infledlendum,
1460 4837 1568 4934 usque
1588 4839 1676 4910 dum
1703 4859 1916 4934 perventum
1944 4840 1994 4911 stt.

385 4936 566 5036 &regione
595 4939 682 5010 Cabo
712 4943 792 5014 Sam
820 4941 963 5023 Virrcerrt,
989 4939 1087 5034 qnod
1116 4939 1315 5010 Ptolomaeo
1345 4936 1393 5010 est
1421 4935 1709 5009 Promontorium
1740 4937 1892 5026 sacrum,
1919 4936 1983 5011 sub

385 5038 554 5151 parallelo
573 5049 657 5136 37}
711 5035 811 5109 Hine
840 5036 994 5131 denique
1016 5036 1135 5110 cursus
1163 5036 1198 5110 in
1227 5059 1345 5111 ortum
1371 5036 1602 5110 loxodromid.
1620 5038 1714 5134 quafi
1743 5035 1902 5134 septima.
1919 5043 1985 5111 erit

384 5136 632 5228 inflectendus,
659 5157 697 5209 ut
716 5136 835 5209 Gades
851 5136 914 5209 sub
932 5140 1097 5234 parallelo
1116 5142 1189 5236 36}
1209 5140 1321 5238 prope
1340 5138 1508 5212 Herculis
1525 5133 1655 5210 fretum
1674 5157 1681 5210 r
1692 5160 1755 5235 per
1772 5138 1868 5234 qnod
1888 5162 1984 5210 mare

384 5235 679 5311 mediterraneum
699 5236 732 5310 se
758 5237 793 5311 in
812 5238 997 5311 Oceanum
1023 5237 1190 5335 effundit)
1211 5242 1314 5314 adeas
1326 5266 1338 5323 3
1365 5257 1399 5313 et
1428 5236 1467 5312 id
1494 5237 1640 5335 quidem
1659 5238 1681 5310 sr
1700 5258 1825 5311 ventus
1841 5258 1983 5332 optatus

385 5358 507 5410 euntes
525 5335 763 5435 prosequatur.
820 5334 922 5438 Qrin
940 5337 1031 5411 adei>
1047 5338 1084 5410 in
1105 5341 1225 5413 medio
1253 5338 1355 5425 mari,
1382 5337 1442 5411 ubi
1465 5336 1540 5436 jam
1565 5337 1678 5412 altum
1707 5335 1848 5411 tenuere
1880 5356 1995 5426 rates,

342 5498 345 5504 .
383 5460 501 5536 neque
531 5438 611 5511 ullae
635 5455 813 5535 appetent
835 5460 897 5530 aut
926 5457 1134 5530 metuuntur
1163 5460 1279 5533 tetra,
1316 5440 1375 5518 rel
1399 5438 1559 5540 scopuli„
1584 5439 1642 5513 vel
1668 5439 1774 5531 vada,
1811 5454 1872 5609 alqt
1901 5434 1984 5547 saura

1859 5556 1983 5626 tenua,
