4817 6659
662 767 868 839 'rtem
920 783 1308 838 aarar.n1n
1355 786 1384 835 n

771 1199 1234 1275 PROPOSITIO
1285 1201 1334 1271 X.

304 1425 486 1527 Quadratus
499 1421 591 1512 ſsnu‘s
610 1422 818 1515 complantati
833 1420 906 1493 dati
917 1421 1072 1515 paralleli
1094 1438 1157 1514 per
1181 1419 1312 1491 radium
1336 1419 1460 1516 divisus
1476 1417 1570 1490 dabit
1587 1420 1798 1514 quantitatem

909 1550 1002 1619 unius
1017 1546 1185 1642 scrupuli.

253 1772 415 1929 CUM
443 1772 536 1845 enim
558 1794 618 1865 per
635 1770 908 1869 propofitionem
926 1771 1194 1843 antecedentem
1208 1774 1261 1858 fit,
1287 1791 1327 1843 ut
1345 1769 1462 1844 radius
1488 1769 1533 1841 ad
1561 1770 1673 1841 finum
1691 1763 1849 1860 comple·

160 1835 267 2008 e}
359 1872 469 1944 menti
487 1873 559 1941 dati
577 1872 753 1965 paralleli,
781 1874 829 1945 ita
851 1895 892 1967 15
913 1870 1072 1943 milliaria
1099 1880 1169 1961 (tot
1195 1873 1290 1944 enim
1308 1869 1468 1943 milliaria
1486 1869 1521 1940 in
1548 1866 1730 1939 maritimis
1761 1863 1849 1937 sem·

156 1957 318 2090 &per
337 1996 400 2065 pro
417 1969 566 2043 maximi
586 1971 705 2044 circuli
723 1973 835 2068 gradu
852 1971 1075 2060 assumimus)
1095 1972 1139 2042 ad
1158 1994 1347 2043 numerum
1369 1967 1571 2042 milliarium
1591 1967 1694 2039 unius
1718 1963 1848 2061 gradiri

156 2042 220 2141 ri
236 2062 295 2163 id
307 2071 390 2142 dato
410 2072 586 2167 parallelo.
625 2072 751 2166 Atqui,
778 2094 860 2142 cum
879 2071 926 2143 ita
942 2076 967 2160 τ’
986 2068 1141 2177 milliaris
1159 2070 1220 2143 fiat
1238 2081 1287 2161 ab
1306 2068 1448 2166 gradus,
1475 2090 1510 2140 et
1534 2067 1615 2139 ideo
1633 2068 1670 2137 stt
1689 2064 1850 2138 mensura

186 2209 198 2257 ς
235 2257 240 2264 ¹
306 2169 315 2188 ⁹
345 2197 360 2241 s
389 2169 540 2265 scrupuli
568 2168 601 2238 in
620 2172 777 2241 maximo
797 2171 934 2267 gradu,
961 2168 1025 2240 erit
1044 2195 1187 2265 quoque
1205 2193 1246 2243 ut
1264 2171 1378 2242 radius
1395 2170 1441 2241 ad
1465 2170 1575 2239 sinum
1594 2164 1849 2263 complemeuti

171 2289 207 2336 ··.:
254 2195 341 2346 ᾖ]
346 2268 513 2364 paralleli,
542 2267 630 2365 ita}
653 2269 811 2341 milliaris
838 2269 882 2342 ad
898 2267 1098 2341 mensutam
1126 2268 1278 2364 scrupuli
1307 2269 1343 2341 in
1372 2270 1456 2341 d'ato
1484 2267 1674 2365 parallelo;
1702 2265 1760 2337 vel
1786 2288 1850 2361 per

198 2366 578 2494 Ι..ᾖῃῑιάξρτεῑαῑίοηεη]
605 2369 812 2465 transpositis
838 2367 1010 2455 terminis,
1038 2389 1076 2440 ut
1102 2368 1219 2441 radius
1245 2370 1290 2441 ad
1318 2370 1549 2464 quadrantem
1578 2365 1669 2437 finus
1694 2365 1851 2459 comple·

246 2469 366 2542 aienti
382 2466 456 2542 dati
475 2468 641 2565 paralleli,
655 2469 701 2539 ita
723 2494 735 2538 r
762 2468 909 2540 milliare
926 2468 969 2539 ad
989 2467 1185 2540 mensuram
1204 2471 1306 2539 unius
1325 2466 1476 2563 scrupuli
1496 2471 1530 2539 “.
1549 2463 1601 2538 Sit
1618 2465 1714 2536 idem
1731 2487 1851 2535 exem·

258 2572 373 2661 plum,
401 2571 497 2665 quod
525 2568 646 2665 prius:
674 2566 737 2639 sub
760 2568 923 2662 parallelo
941 2591 985 2664 52
1005 2592 1056 2664 gr.
1081 2594 1123 2640 10
1142 2566 1206 2641 scr.
1239 2566 1338 2664 cujus
1356 2563 1613 2662 complementi
1642 2565 1732 2635 finus
1749 2564 1852 2634 datur

258 2670 380 2762 61337
401 2696 409 2738 z
437 2666 509 2763 ejus
527 2692 605 2764 pars
635 2688 760 2764 quarta
781 2693 793 2737 r
802 2692 901 2763 5334
931 2692 995 2764 per
1017 2667 1154 2740 radium
1172 2666 1280 2740 divisa
1296 2667 1394 2740 dabit
1411 2678 1561 2756 &2³33
1578 2662 1745 2748 milliaris,
1773 2661 1851 2758 spa-

257 2766 348 2838 tium
367 2766 471 2838 unius
487 2762 655 2861 scrupuli,
683 2770 750 2838 srve
768 2767 910 2854 minuti,
928 2766 965 2840 in
981 2766 1080 2840 disto
1100 2769 1276 2863 parallelo
1315 2769 1363 2840 Et
1379 2766 1457 2838 sane
1476 2766 1511 2837 id
1526 2789 1609 2836 cum
1627 2763 1852 2836 antecedente

259 2864 469 2963 epilogismo
495 2872 670 2960 congruit.
727 2868 810 2937 Pars
837 2866 932 2938 enim
959 2866 1170 2961 sexagesima
1195 2868 1242 2938 de
1258 2876 1358 2955 {334}
1389 2864 1436 2936 est
1465 2870 1602 2954 ,affl
1627 2863 1684 2934 seu
1702 2871 1851 2953 40⁵3&

259 2965 565 3060 quemadmodum
594 2961 695 3060 supra
722 2967 961 3058 expressimus.
1014 2970 1137 3062 Atque
1167 2965 1216 3037 ita
1248 2964 1378 3059 absque
1409 2963 1478 3035 ulid
1512 2962 1719 3035 circuitione
1751 2962 1853 3035 unius

170 3123 175 3134 .
215 3095 219 3101 ·
260 3062 425 3161 scrupuli,
452 3065 521 3135 five
538 3061 678 3152 minuti,
704 3063 856 3160 spatium
883 3064 919 3139 in
938 3085 1153 3163 quocunque
1171 3065 1338 3164 parallelo
1355 3059 1513 3137 exhiberi
1530 3058 1652 3158 potest.

200 3193 341 3372 ,a

765 3401 1228 3477 eaoeosrrro
1277 3401 1348 3475 ru.

287 3629 336 3700 tu
352 3624 468 3699 radius
490 3621 539 3693 ad
550 3620 761 3718 quadriplam
780 3622 923 3720 secantis
938 3620 1011 3692 datr·
1021 3620 1193 3715 paralleli,
1220 3621 1269 3692 ita
1286 3621 1443 3692 milliaria
1467 3638 1659 3718 quotcunque
1682 3620 1762 3693 data
1787 3619 1835 3707 ars

477 3771 638 3820 numerum
654 3746 891 3843 scrupulorum,
906 3744 986 3835 ſsve
1010 3749 1217 3834 minutorum,
1243 3747 1318 3842 ipſse
1342 3749 1377 3818 iu
1402 3771 1437 3821 ea
1451 3746 1639 3821 debitarum.

266 3944 639 4105 CONVERSUM
666 3941 715 4016 est
743 3942 923 4040 utriusque
948 3942 1198 4033 antecedentis,
1226 3947 1249 4016 st
1279 3945 1386 4018 finem
1414 3942 1554 4042 spestes.
1606 3944 1686 4018 lllic
1713 3943 1856 4019 enimi:

358 4046 447 4120 datis
465 4045 635 4142 gradibus
652 4066 711 4118 aut
730 4041 911 4140 scrupulis,
927 4048 996 4117 srve
1015 4043 1172 4131 minutis,
1193 4045 1352 4119 milliaria
1368 4043 1446 4141 ipsrs
1463 4070 1621 4141 congrua
1638 4066 1856 4142 quaeruntur.

264 4144 344 4217 Hic
368 4146 528 4220 contria&
558 4145 649 4218 datis
676 4142 881 4216 milliaribus
911 4145 1156 4240 scrupulorum
1188 4170 1355 4217 numerus
1385 4146 1464 4241 ipsis
1492 4145 1556 4216 sub
1583 4146 1666 4217 dato
1693 4146 1857 4238 parallelo

262 4244 405 4317 debitus
432 4244 631 4341 inquiritur.
685 4241 856 4315 Etenim
882 4241 1158 4316 demonstratum
1179 4245 1414 4342 propositione
1441 4244 1535 4316 nona
1566 4265 1599 4315 et
1624 4243 1776 4330 decimi,
1802 4269 1855 4316 ra·

263 4344 364 4417 dium
384 4345 428 4416 ad
459 4346 569 4416 srnum
589 4344 839 4439 completnenti
857 4346 929 4415 dati
958 4341 1109 4437 paralleli
1129 4344 1211 4432 esse,
1240 4367 1278 4416 ut
1302 4342 1462 4416 milliaria
1482 4341 1624 4441 quotvis
1640 4343 1732 4415 datae
1750 4342 1856 4438 partis

266 4442 301 4515 in
330 4444 488 4516 maximo
516 4445 647 4517 circulo
666 4444 709 4513 ad
729 4444 889 4516 milliaria
906 4442 1005 4516 stmili
1031 4440 1118 4538 parti
1146 4443 1282 4517 induto
1306 4444 1473 4541 parallelo
1496 4440 1754 4539 respondentia.
1809 4443 1858 4516 Et

265 4543 397 4616 inverse
417 4544 534 4639 igitur,
563 4563 600 4613 ut
619 4544 708 4613 sinus
727 4544 977 4642 cornplementi
1001 4539 1073 4613 dati
1091 4547 1244 4640 paralleli
1266 4546 1309 4617 ad
1329 4544 1479 4626 radium,
1507 4544 1575 4617 hoc
1592 4541 1654 4629 est,
1683 4562 1721 4613 ut
1738 4542 1857 4616 radius

264 4644 308 4714 ad
337 4641 506 4715 secantem
534 4642 607 4713 dati
635 4645 802 4735 paralleli,
829 4647 876 4719 ita
894 4642 1054 4716 milliaria
1082 4646 1117 4714 in
1148 4646 1275 4718 eodem
1309 4645 1473 4741 parallelo
1496 4648 1540 4715 ad
1570 4641 1729 4716 milliaria
1755 4641 1858 4715 fimili

265 4743 470 4838 peripheria
498 4741 534 4813 in
567 4741 804 4837 aequinodiali
831 4745 976 4817 debitae.
1031 4744 1140 4814 Porri>
1167 4749 1302 4831 autern,
1339 4769 1424 4817 cum
1453 4743 1664 4840 quindecim
1696 4742 1880 4840 milliaria¹

264 4844 416 4939 gradum
444 4842 637 4937 inrpleant;
674 4839 756 4913 idei>
787 4844 1026 4941 quadruplum
1064 4845 1189 4915 horum
1221 4841 1424 4917 milliarium
1456 4843 1638 4915 exhibebit
1669 4868 1858 4917 numerum

307 5052 327 5087 *
348 5050 412 5110 Erit
426 5051 498 5109 enim
514 5064 546 5109 ut
561 5049 651 5111 radius
665 5051 698 5107 ad
720 5051 901 5126 quadrantem
925 5048 995 5106 finds
1015 5050 1211 5129 complementi
1226 5051 1284 5110 dati
1309 5051 1440 5129 paralleli,
1461 5052 1500 5111 ita
1514 5073 1576 5130 pare
1590 5065 1689 5129 quarta
1703 5053 1784 5112 unius
1798 5053 1860 5113 mil·

265 5127 339 5187 liaris
353 5132 388 5187 ad
402 5145 528 5206 quartam
544 5144 649 5207 partem
666 5129 795 5186 mensurae
812 5126 931 5205 scrupuli
945 5128 972 5185 iu
987 5130 1054 5186 dato
1067 5130 1206 5207 parallelo,
1228 5145 1312 5207 atque
1326 5131 1389 5188 ideo
1404 5152 1488 5189 uuum
1503 5132 1616 5189 milliare
1631 5134 1665 5190 ad
1681 5144 1770 5190 totam
1784 5154 1860 5189 men·

266 5206 355 5264 suram
371 5207 489 5283 scrupuli
506 5208 532 5264 iu
546 5210 612 5265 dato
624 5206 763 5283 parallelo,
805 5206 886 5283 Ergb
901 5207 919 5263 st
934 5209 1101 5282 produdtum
1116 5230 1148 5266 ex
1164 5210 1395 5287 multiplicatione
1409 5210 1569 5288 quadrantis
1579 5212 1649 5268 finus
1663 5209 1860 5288 complementi

265 5285 325 5341 dati
340 5284 459 5363 paralleli
481 5285 508 5341 in
523 5307 608 5342 unum
630 5286 753 5352 milliare,
774 5285 828 5342 hoc
840 5288 887 5353 eli,
908 5285 956 5342 isle
971 5285 1026 5361 ipse
1040 5290 1186 5363 quadrant,
1208 5288 1346 5347 dividatur
1359 5309 1409 5366 per
1422 5290 1540 5359 radium,
1560 5289 1688 5366 quotient
1702 5290 1753 5345 erit
1768 5310 1860 5365 aqua·

264 5362 298 5420 liu
308 5364 440 5421 mensurae
455 5363 534 5420 unius
549 5363 679 5439 scrupuli,
700 5365 751 5421 stre
767 5363 876 5429 minuti,
896 5364 923 5421 in
939 5365 1006 5422 dato
1019 5366 1160 5442 parallelo,
1171 5367 1217 5427 seu
1232 5388 1360 5427 numerus
1374 5368 1528 5426 milliarium
1544 5367 1571 5425 in
1587 5389 1642 5425 uno
1655 5367 1794 5443 scrupulo,
1806 5368 1859 5425 stve

265 5440 385 5513 utinuto,
406 5441 524 5521 ejusdem
539 5442 659 5521 paralleli
678 5457 883 5501 contentorum.

960 5522 998 5596 U
1027 5545 1047 5597 2
1596 5525 1859 5622 scrupulorum,
