4817 6659
213 792 218 798 ·
291 771 360 823 122
705 772 1092 826 BENEVOLU
1144 771 1481 828 LZCTORL‘

284 950 363 1023 snit.
417 948 464 1021 Et
491 947 681 1022 Herodoto
711 973 856 1046 quoque
874 947 909 1021 in
941 950 1077 1023 suarum
1109 949 1327 1023 historiarum
1354 949 1488 1036 limine,
1524 948 1879 1049 Phoenices,·1nqun,

286 1053 348 1146 qni
368 1076 388 1120 a
406 1046 495 1122 mari
523 1047 621 1160 quod
641 1051 787 1120 rubrum
805 1069 954 1120 vocatur
974 1050 1130 1145 profesti,
1159 1051 1273 1143 positis
1292 1050 1466 1123 sedibus
1459 1077 1492 1124 tn
1520 1075 1560 1121 ea
1590 1051 1742 1147 regione,
1770 1075 1878 1149 qnam

287 1174 383 1221 nunc
402 1155 546 1244 qu'oqne
568 1147 738 1231 incolunt,
765 1143 969 1260 longinquis
998 1147 1170 1222 continui>
1199 1149 1480 1246 navigationibus
1507 1150 1766 1223 incubuerunt:
1795 1152 1880 1223 faci-

287 1248 458 1343 cndisque
475 1248 568 1343 AEgv
554 1247 730 1344 yptiarunt
754 1269 786 1319 et
816 1248 1034 1341 nuptarum
1060 1249 1232 1320 mercium
1265 1248 1427 1336 vecturis,
1455 1274 1539 1322 cun
1569 1251 1603 1321 in
1631 1250 1713 1322 alias
1745 1252 1876 1347 plagas,

286 1371 363 1421 tum
394 1349 499 1420 etianr
533 1352 650 1441 Argos
682 1366 927 1444 pervenerunt.
982 1357 1097 1445 rlrgos
1122 1348 1219 1418 enim
1246 1374 1285 1419 ea
1311 1348 1515 1445 tempestate
1540 1349 1706 1422 omnibus
1734 1350 1879 1423 Graeciae

287 1448 490 1521 civitatibus
508 1448 748 1519 antecellebat.
802 1448 888 1518 Huc
921 1446 1025 1543 porro
1052 1446 1216 1570 appulsos
1234 1446 1420 1520 Plroenicas
1439 1447 1669 1522 mercimonia
1687 1449 1878 1546 exposuill'e

281 1549 400 1622 Persae
419 1572 544 1618 memor
544 1568 637 1616 ·:ant
667 1566 702 1617 et
730 1545 855 1641 quinto
882 1544 1025 1618 sextove
1050 1550 1159 1641 quarn
1178 1547 1388 1641 appolillent
1406 1549 1475 1627 die,
1504 1550 1637 1621 cunt‘lis
1656 1546 1727 1622 sere
1752 1549 1878 1622 diven-

286 1649 382 1730 ditis,
409 1645 571 1719 foemrnas
589 1647 634 1718 ad
651 1645 907 1723 marevenrffe
935 1672 1016 1717 cum
1034 1647 1116 1718 altas
1136 1650 1276 1729 multas,
1304 1647 1377 1717 tum
1398 1672 1485 1743 regis
1504 1673 1649 1745 quoque
1668 1650 1788 1736 filiam,
1821 1650 1878 1721 cui
1954 1666 1957 1681 ·

282 1746 516 1823 nomenelset
545 1745 636 1817 idem
669 1746 766 1840 quod
796 1743 914 1816 Graeci
944 1750 1099 1827 tradunt,
1128 1745 1180 1831 lo,
1201 1746 1309 1817 liliam
1332 1747 1461 1819 lnaclti.
1515 1746 1651 1842 Dtimq¹
1656 1774 1684 1819 e
1710 1751 1766 1821 hae
1797 1733 1940 1854 ηρνί,Ι

285 1847 468 1920 assistentes
498 1865 735 1917 mercarentur
753 1867 833 1937 quae
851 1844 1006 1917 maxime
1030 1864 1242 1941 expeterent,
1270 1844 1306 1915 in
1326 1869 1382 1915 eas
1402 1846 1555 1917 unanimi
1581 1846 1747 1919 consensu
1769 1841 1927 1920 Plura-i*

286 1973 380 2024 orces
400 1968 573 2040 impetum
594 1942 731 2025 tecrlle
752 1962 799 2024 er,
821 1942 991 2038 plerisque
1009 1969 1127 2014 carim
1146 1942 1228 2038 suga
1247 1945 1382 2036 elapsis,
1401 1946 1440 2015 lo
1458 1970 1539 2017 cum
1554 1946 1628 2019 alus
1646 1946 1781 2043 aliquot
1800 1971 1878 2020 cor
1935 1939 1957 2034 ξ’

286 2070 399 2145 repta,
418 2044 455 2117 in
475 2045 674 2143 AEgyptum
701 2039 793 2114 retro
810 2043 886 2113 tela
904 2044 1120 2114 convertisse
1173 2041 1314 2116 Scilicet
1334 2064 1372 2114 tu
1392 2045 1507 2115 adhuc
1856 2111 1912 2174 ‚A
1897 2041 1957 2209 ,ὦ

1806 2131 1866 2186 ···Uv

1836 2181 1957 2302 ilias*

277 2342 418 2410 Verum
438 2334 637 2433 navigandi
664 2333 746 2407 artis
773 2334 936 2431 gloriam,
964 2354 998 2408 et
1024 2334 1166 2408 sabrieae
1179 2333 1357 2408 rationem
1375 2334 1631 2432 antiquiffimus
1651 2311 1939 2440 promovens
1925 2309 1957 2364 i

285 2440 380 2542 apud
398 2435 608 2532 AEscbylnm
627 2433 688 2508 srbi
707 2435 886 2522 vendicat,
1730 2417 1813 2522 {⁸2
1820 2434 1891 2523 f·

1731 2511 1804 2574 ,ει
1843 2510 1876 2545 ··,

472 2188 660 2262 Ultimus
674 2186 844 2260 immenso
867 2186 1026 2273 retrahas,
1054 2187 1153 2273 Nile,
1181 2187 1306 2263 labori.

481 2590 824 2681 Oaaaero'araayxrarl’
841 2584 903 2665 alric
920 2587 1030 2675 ἄλλω)
1046 2592 1105 2663 ἄντ’
1119 2588 1169 2683 lp}

483 2685 665 2788 Arvo'rr'lrp’
639 2720 693 2787 ωρε
715 2686 880 2761 ναυΊιλων
862 2689 1021 2783 οχῆριατα.

275 2840 332 2911 Et
359 2833 516 2935 profesio
547 2834 610 2932 qui
641 2861 747 2910 naves
768 2836 813 2907 ad
844 2862 921 2909 oras
943 2836 1109 2932 aliquas
1101 2857 1239 2933 ignotas
1268 2838 1494 2935 appulissent,
1521 2858 1555 2913 et
1582 2855 1700 2933 praeter
1737 2817 1876 2912 illorum

279 2938 401 3011 littora
418 2937 475 3007 vel
493 2936 610 3024 retnis,
637 2938 693 3009 vel
713 2938 858 3035 expassis
885 2936 970 3009 velis
988 2960 1084 3008 novo
1110 2958 1144 3008 et
1170 2957 1250 3009 ante
1267 2963 1351 3010 eurn
1372 2937 1469 3011 diem
1486 2938 1565 3037 ipsis
1583 2937 1693 3009 inviso
1711 2932 1936 3020 vehiculos'tl

280 3063 344 3139 per
372 3034 480 3108 maria
506 3034 747 3151 discurrerent,
787 3038 1018 3112 Barbarorum
1046 3037 1184 3148 animos
1215 3063 1285 3109 non
1315 3038 1432 3111 minus
1461 3041 1730 3134 percelluerunt,
1766 3063 1875 3131 quam
1918 3130 1923 3136 ,

279 3142 382 3236 Argo
396 3134 538 3230 palloris
550 3136 642 3209 illius
657 3159 816 3209 animum
827 3136 923 3234 apud
937 3134 1077 3208 Attium
1083 3160 1180 3229 qur,
1195 3161 1276 3207 cum
1294 3160 1421 3208 navem
1437 3162 1618 3233 nunquam
1632 3137 1875 3223 antevrdrlser,
1930 3182 1935 3190 -

279 3257 318 3308 ut
348 3235 470 3331 procul
499 3235 678 3320 divinum,
704 3255 739 3306 et
766 3258 902 3306 novum
921 3237 1210 3331 Argonautarum
1230 3234 1434 3307 vehiculum
1454 3234 1598 3331 stupens
1615 3254 1647 3306 et
1674 3236 1877 3330 perterritus

279 3334 473 3431 conspexit.
520 3335 580 3404 Ea
607 3332 753 3427 quidem
783 3357 834 3406 res
861 3332 950 3405 adei>
975 3353 1073 3428 grata
1099 3332 1166 3403 illis
1184 3333 1404 3429 temporibus
1432 3334 1575 3421 accidit,
1602 3353 1639 3405 nt
1669 3334 1876 3431 quicunque

280 3433 562 3508 commodiorem
582 3431 869 3544 velociorsmque
885 3432 1039 3527 aliquam
1058 3429 1187 3527 navigit
1181 3430 1356 3528 speciem
1376 3433 1653 3531 excogitaviffet,
1680 3435 1734 3504 vel
1767 3458 1875 3530 expe-

280 3531 481 3606 ditionem
473 3555 508 3602 rn
526 3554 602 3603 oras
619 3531 706 3603 nulli
724 3530 883 3629 priorum
902 3532 1012 3604 aditas
1031 3528 1238 3618 instituisset,
1266 3556 1387 3603 eorum
1415 3531 1621 3605 industriam
1650 3532 1695 3602 ad
1720 3556 1874 3607 errorem

282 3630 413 3706 sabulae
442 3629 681 3713 traduxerint,
719 3650 758 3703 ut
787 3630 958 3704 divinitus
976 3654 1081 3704 naves
1105 3630 1307 3704 hominibus
1332 3632 1443 3721 datas,
1465 3651 1499 3704 et
1530 3633 1689 3706 Deorum
1715 3631 1875 3729 auspiciis

278 3731 427 3808 struetas
444 3729 679 3805 etsabricatas
695 3730 884 3804 asseverare
900 3756 972 3805 non
990 3729 1242 3819 dubitaverint,

730 3915 883 3936 --
898 3878 1076 3975 iplitmque
1093 3877 1246 3951 secandis

146 3982 271 4121 msc:
484 3974 621 4075 Argois
638 3971 827 4049 navibus
839 3974 972 4074 jactent
990 3978 1123 4051 sudaffe
1142 3978 1359 4051 Minervmam

264 4102 274 4132 2

147 4163 189 4211 vs,
209 4142 251 4202 vel
279 4125 390 4223 Fuga
414 4122 549 4218 Phryxi
575 4142 609 4196 et
632 4124 758 4195 Helles
776 4123 887 4196 Arieti
906 4124 1038 4198 veslori
1053 4158 1169 4225 χρυσορ
1144 4128 1253 4222 pesam
1273 4128 1484 4223 imputatur,
1512 4150 1577 4238 qur¹
1562 4124 1638 4197 ob
1655 4126 1724 4197 hoc
1741 4127 1876 4201 benefi-

146 4239 170 4276 s.
285 4225 382 4300 cium
407 4225 567 4321 princeps
600 4223 689 4295 inter
719 4223 870 4297 Zodiaci
896 4226 917 4293 s
908 4250 990 4323 gna
1019 4225 1178 4321 refulget,
1205 4247 1239 4298 et
1268 4230 1370 4300 nobis
1399 4250 1461 4296 ver
1484 4226 1606 4321 aperit.
1649 4226 1734 4298 Hac
1752 4252 1876 4302 omnes

285 4349 469 4439 poetarum
487 4321 614 4397 sabulae
630 4322 829 4419 personant,
849 4324 965 4397 omnis
982 4323 1082 4397 scena
1099 4322 1223 4407 servet,
1241 4346 1275 4399 et
1293 4330 1338 4399 ab
1355 4352 1399 4397 eo
1416 4324 1493 4398 casu
1512 4325 1618 4397 etiam
1637 4327 1876 4419 angustiffinro

285 4424 377 4497 inter
396 4426 452 4495 As
443 4449 512 4496 am
529 4444 561 4495 ct
583 4424 764 4519 Europam
784 4422 872 4495 sreto
895 4448 1024 4497 nomen
1041 4423 1089 4497 est
1106 4423 1319 4518 impositum.
1374 4425 1483 4518 Atqui
1502 4426 1589 4496 dum
1611 4426 1772 4516 Phryxus
1790 4451 1874 4499 cum

285 4524 394 4598 Helle
411 4521 524 4597 sorore
542 4525 743 4594 novercales
761 4521 898 4596 insrdias
915 4521 1124 4618 fugeret,’‘
1082 4556 1197 4619 ετυχησι
1216 4526 1301 4596 caela
1317 4561 1335 4617 ῳ
1353 4526 1389 4601 w*
1405 4527 1579 4623 παράσημον
1594 4557 1670 4615 apros
1685 4524 1731 4612 ili,
1747 4551 1876 4598 navent

285 4619 766 4719 naattsest,cujusins1gne,
785 4620 920 4695 etinde
938 4647 1083 4719 quoque
1102 4648 1247 4707 nomen,
1274 4623 1374 4696 Aries
1391 4645 1473 4695 erat.
1522 4625 1590 4695 tlte
1606 4623 1702 4696 onim
1721 4625 1755 4695 in
1774 4626 1876 4719 prora

284 4727 340 4796 vel
367 4721 478 4816 pistus
495 4725 551 4793 vel
572 4720 673 4793 naus
691 4720 811 4791 stabat.
853 4722 986 4794 Verum
1003 4725 1086 4817 quia
1104 4747 1175 4795 non
1193 4722 1328 4795 tanturn
1352 4750 1372 4795 a
1401 4722 1663 4805 Grammaticis,
1688 4721 1875 4796 sedetiam

278 4850 309 4897 a
329 4820 523 4946 philologis
540 4817 744 4892 doctissimis
761 4822 807 4892 de
826 4821 893 4893 hoc
911 4820 1007 4893 navis
1026 4820 1148 4918 insigni
1173 4820 1231 4895 seu
1249 4824 1415 4917 παρασήμῳ
1429 4825 1542 4894 multa
1558 4819 1699 4931 prodita
1727 4824 1875 4909 exstant,

291 4946 370 5019 quae
389 4921 492 4993 nimis
503 4917 674 5015 jocularia
691 4939 723 4988 et
743 4942 913 5016 perquam
932 4918 1080 4993 absurda
1097 4922 1187 5009 sum,
1204 4945 1321 5018 operae
1340 4923 1492 5033 pretium
1518 4921 1582 4993 erit
1604 4921 1679 4993 haec
1697 4925 1876 4994 enucleate

161 5018 278 5122 Insigni,
291 5021 525 5117 explicantem
545 5016 738 5111 Josephum
756 5020 971 5117 Scaligerum
988 5023 1119 5095 audire.
1170 5024 1345 5114 Παρασημον
1363 5021 1512 5118 (inquit)
1531 5039 1602 5092 erat
1627 5019 1663 5091 in
1688 5046 1813 5117 prora:
1842 5045 1876 5094 er

146 5124 326 5237 ΜΝΞ
291 5121 341 5194 rbr
367 5120 584 5193 statuebatur
599 5117 713 5206 Deus,
741 5119 875 5206 Heros,
902 5120 1019 5209 bestia,
1045 5122 1218 5193 autalind
1237 5119 1340 5247 quid,
1367 5122 1460 5193 unde
1488 5142 1616 5192 nomen
1646 5120 1797 5194 habebat
1813 5145 1877 5193 na-

146 5196 260 5313 ’roupror
292 5220 357 5293 vis.
408 5219 452 5291 ln
480 5239 599 5289 xxvrr
620 5240 698 5314 cap.
728 5218 898 5291 Ariorum
924 5176 1236 5313 Apollolicorum,
1267 5226 1288 5290 ἐν
1317 5221 1407 5313 amq
1427 5221 1594 5312 ωαρασέρῳ
1618 5223 1878 5321 uttenburam·

289 5320 422 5395 mltum
440 5320 475 5394 ro*
493 5319 714 5410 παρᾶσηριοντκ
736 5318 917 5394 oaolaboi
933 5320 1028 5425 πρώρᾳ
1045 5352 1104 5414 uxr
1120 5353 1183 5395 τους
1210 5321 1375 5407 Arentipaa
1426 5318 1547 5391 Gloffa
1567 5286 1769 5415 juvenalis:
1805 5320 1876 5392 PE·

291 5441 428 5502 uatus.
482 5415 683 5492 Trierarclti
708 5416 812 5508 filius,
838 5441 896 5492 ex
905 5442 1003 5516 cujus
1023 5418 1193 5496 Liburna
1211 5420 1339 5516 parasti
1366 5442 1497 5493 nomen
1526 5419 1672 5518 accepit
1726 5419 1881 5491 Videtur

1725 5518 1884 5617 accipere
