4817 6659
843 746 1003 803 ritu.
1060 747 1278 803 aaran.
1330 750 1443 803 are.
1488 751 1533 802 u.
1908 731 1975 829 187

381 925 583 1015 meridiem,
610 928 667 999 vel
694 924 733 1000 in¹
747 924 1054 1023 septentrionem)
1074 929 1094 1000 “a
1113 928 1279 1025 parallelo
1296 951 1405 1023 quem
1422 927 1604 1001 decurrere
1621 923 1812 1000 institueras
1828 927 1991 1017 abduci,¹

381 1032 492 1102 ruodo
521 1028 650 1102 itineris
668 1025 819 1100 consesti
834 1025 1017 1100 aestimatio
1034 1053 1118 1102 cum
1137 1025 1222 1100 curia
1240 1030 1277 1099 sit
1295 1025 1409 1110 sasia3
1437 1049 1516 1100 tum
1534 1026 1679 1125 quidem
1697 1026 1890 1100 secundhm
1908 1032 1976 1100 oh-

381 1128 594 1204 servationes
623 1130 669 1201 de
697 1128 790 1199 coelo
819 1124 926 1199 fallas
953 1127 1175 1202 latitudinem
1202 1127 1345 1214 censeri,
1372 1126 1501 1200 itineris
1528 1125 1612 1200 veri>
1634 1125 1784 1201 consecti
1814 1125 1976 1202 milliaria

382 1256 447 1326 pro
465 1229 696 1302 loxodromiae
714 1227 911 1323 quantitate
928 1228 1065 1311 aliitmi,
1091 1247 1124 1299 et
1142 1225 1226 1299 inde
1244 1226 1477 1324 longitudinis
1502 1227 1755 1302 evariationem
1776 1227 1977 1326 investigari

382 1331 523 1402 dehere.
580 1330 632 1399 Ut
652 1332 672 1397 li
702 1330 735 1397 iu
754 1328 882 1400 eodem
900 1327 1154 1423 diagrammate
1172 1327 1253 1400 actis
1273 1325 1479 1423 magneticae
1508 1329 1588 1399 situs
1618 1349 1740 1425 arguat
1759 1352 1815 1399 me
1838 1329 1883 1398 ab
1902 1333 1914 1397 i
1940 1327 1977 1401 in

381 1455 399 1501 o
428 1429 520 1500 reda
548 1429 593 1499 ab
610 1426 733 1500 occasu
753 1427 789 1498 in
807 1446 924 1498 ortum
942 1426 1080 1499 cursum
1100 1451 1223 1498 meum
1241 1427 1415 1512 direxisse,
1441 1429 1486 1496 ab
1512 1425 1622 1499 insula
1649 1429 1747 1500 Bella
1776 1428 1839 1500 suh
1867 1429 1977 1520 paral·
2051 1447 2054 1452 ·

384 1529 454 1601 lelo
474 1553 518 1626 52
540 1554 593 1623 gr.
619 1546 653 1600 et
671 1527 792 1599 curstls
817 1526 973 1599 aellimati
1000 1525 1149 1622 spatium
1176 1528 1215 1597 sit
1243 1525 1450 1598 milliarium
1468 1523 1645 1623 sexaginta
1661 1555 1672 1610 3
1687 1526 1897 1602 observatio
1914 1552 1977 1600 au·

383 1650 454 1702 tem
483 1631 529 1700 de
556 1630 650 1700 coelo
677 1627 767 1699 satta
795 1646 917 1723 arguat
945 1651 1001 1699 me
1019 1625 1145 1698 versari
1172 1626 1234 1698 sub
1264 1628 1429 1723 parallelo
1449 1648 1489 1720 5¹
1514 1651 1587 1721 gra.
1608 1654 1627 1721 3
1633 1651 1652 1723 5
1673 1625 1735 1702 scr.
1763 1625 1873 1721 idque
1891 1650 1979 1698 con·
2045 1639 2052 1653 “

381 1730 483 1802 tinuit
500 1729 760 1824 deprehendam
779 1751 836 1797 ure
853 1729 898 1797 ab
916 1725 1085 1797 aesiimato
1105 1727 1270 1820 parallelo
1288 1727 1323 1798 in
1342 1724 1526 1823 meridiem
1549 1727 1738 1811 declinare,
1767 1726 1802 1798 id
1828 1725 1906 1798 satis
1925 1725 1978 1798 in-

322 1865 326 1874 ·
381 1828 467 1904 dicii
485 1829 547 1900 erit
571 1849 671 1898 nrotu
691 1824 795 1897 maris
820 1826 946 1897 latente
962 1849 1090 1898 navent
1107 1828 1127 1897 a
1144 1829 1240 1897 resto
1266 1825 1366 1898 cursu
1394 1824 1429 1897 in
1453 1826 1540 1896 latus
1567 1826 1710 1900 abduci.
1763 1827 1888 1923 Itaque
1919 1825 1978 1900 hic

320 1917 335 1934 ⁹
384 1932 433 2000 60
459 1925 622 2000 milliaria
645 1924 779 1997 itineris
806 1945 907 1996 erunt
935 1950 1000 2021 pro
1024 1924 1247 2021 longitudine
1272 1924 1526 2008 loxodromiae;
1554 1945 1660 2021 atque
1681 1926 1764 1999 hinc
1794 1927 1868 1998 ete
1895 1925 1978 1998 data

382 2027 575 2102 latitudinis
605 2024 817 2097 evariatinne
849 2049 896 2117 29
913 2023 973 2097 scr.
1000 2025 1142 2096 dabitur
1168 2026 1320 2121 angulus
1349 2022 1582 2097 inclinationis
1611 2030 1659 2114 84
1676 2050 1726 2122 gt.
1765 2036 1808 2124 ιζ
1825 2025 1888 2097 scr.
1918 2050 1979 2122 pet

383 2128 659 2234 propositionem
691 2148 733 2194 ar
757 2122 838 2195 libri
863 2126 981 2218 primi,
1010 2144 1044 2196 et
1074 2124 1155 2196 inde
1181 2148 1245 2221 per
1269 2125 1541 2221 propositionem
1574 2181 1584 2197 .
1615 2178 1624 2196 .
1650 2178 1659 2198 .
1687 2151 1766 2199 crus
1785 2128 1978 2218 mecodyn-

341 2249 345 2256 ·
382 2228 541 2302 amicum
569 2280 579 2298 .
607 2281 616 2299 .
645 2278 653 2297 .
679 2245 712 2296 et
738 2223 969 2319 longitudinis
996 2222 1162 2297 evariatio
1181 2225 1280 2319 385}
1297 2224 1357 2297 scr.
1387 2225 1449 2319 qui
1476 2225 1554 2296 sunt
1572 2230 1593 2295 6
1612 2248 1664 2317 gr.
1694 2238 1765 2319 25}
1782 2224 1843 2297 scr.
1896 2227 1979 2318 Ego

381 2326 489 2426 parce
509 2325 651 2420 surnpsr,
677 2348 759 2395 cum
788 2322 1015 2395 hallucinatio
1033 2327 1150 2422 quaed
1173 2323 1277 2396 maris
1303 2344 1404 2396 motu
1432 2322 1470 2396 in
1498 2323 1719 2397 latitudinem
1754 2323 1878 2409 existit,
1905 2321 1994 2398 illle.

383 2428 547 2512 tantast,
576 2446 613 2495 ut
644 2423 718 2519 post
736 2425 875 2520 perasla
894 2446 954 2513 24,
983 2444 1043 2518 25,
1069 2442 1127 2494 aut
1147 2448 1193 2519 30
1212 2423 1373 2495 milliaria
1402 2421 1502 2496 facite
1531 2426 1667 2520 integro
1694 2426 1804 2524 gradu
1823 2424 1980 2497 latitudi-

385 2553 466 2601 nem
492 2523 726 2606 evariaveris3
763 2523 797 2594 in
831 2525 879 2593 60
906 2542 1023 2594 autem
1055 2522 1262 2596 milliaribus
1290 2521 1441 2620 amplius
1469 2526 1639 2620 gradibus
1666 2526 1819 2599 duobus.
1870 2526 1904 2598 Si
1933 2525 1981 2597 ita

384 2629 563 2699 sumamus
583 2622 661 2721 post
689 2624 735 2693 60
754 2622 916 2694 milliaria
941 2620 1098 2695 confecta
1121 2649 1134 2695 1
1157 2624 1270 2722 gradu
1288 2641 1322 2696 et
1340 2644 1387 2717 30
1405 2624 1572 2718 scrupulis
1599 2624 1634 2696 in
1653 2626 1836 2698 latitudine
1857 2646 1982 2722 praetet

384 2727 591 2822 opinionem
610 2725 678 2795 elie
694 2722 881 2811 variatum,
909 2724 969 2793 liet
986 2726 1136 2820 angulus
1154 2722 1390 2797 inclinationis
1409 2730 1453 2819 67
1473 2748 1524 2821 gr.
1543 2748 1588 2821 59
1609 2723 1671 2796 scr.
1698 2747 1733 2799 et
1749 2724 1981 2823 longitudinis

384 2825 549 2899 evariatio
574 2847 593 2919 5
615 2823 744 2919 gradus
762 2842 797 2894 et
824 2847 869 2916 55
889 2821 1066 2916 scrupuli;
1095 2847 1178 2895 eum
1198 2821 1261 2895 suh
1288 2823 1414 2895 eodem
1446 2823 1611 2919 parallelo
1635 2848 1679 2917 5²
1700 2851 1754 2922 gr.
1781 2849 1820 2896 ea
1849 2824 1982 2898 itineris

384 2926 571 3023 longitudo
587 2921 754 2995 aestimata
770 2922 829 2993 det
847 2920 1081 3018 longitudinis
1097 2921 1346 2994 evariationem
1369 2946 1411 3015 35
1427 2923 1487 2993 scr.
1507 2920 1690 3017 majorem.
1716 2922 1827 2996 Tauri
1844 2925 1982 2998 interest

386 3030 446 3100 has
464 3024 617 3096 medicas
635 3046 759 3093 manns
777 3020 840 3092 suo
858 3021 939 3093 loco
955 3041 989 3091 et
1006 3022 1130 3095 ordine
1151 3021 1203 3095 isti
1222 3021 1366 3119 negotio
1382 3021 1554 3096 adhiberi.
1605 3023 1667 3096 Tu
1685 3026 1731 3097 ad
1757 3026 1883 3096 horum
1900 3049 1982 3097 nor·

383 3149 482 3198 mam
508 3124 642 3217 reliqua
666 3118 768 3193 sacili
786 3120 1018 3215 comparabis.

388 3269 392 3274 -
434 3229 557 3318 Atque
574 3220 740 3293 hadenhs
757 3219 803 3290 de
824 3217 988 3291 cursuum
1006 3218 1268 3307 emendatione,
1296 3217 1358 3316 qui
1384 3218 1420 3291 in
1449 3218 1585 3295 circulo
1611 3220 1742 3318 aliquo,
1769 3220 1983 3296 monstrante

383 3349 450 3398 acu
472 3320 680 3420 magnerici,
708 3317 852 3391 instituti
881 3317 1119 3392 videbantur:
1148 3318 1299 3414 superest
1330 3339 1367 3390 ut
1393 3320 1439 3392 ad
1466 3322 1766 3395 loxodromiarum
1795 3321 1982 3396 aestimatos

386 3423 519 3513 cursus,
537 3443 710 3494 eteorum
728 3443 813 3494 cum
829 3416 1012 3494 observata
1028 3416 1214 3494 latitudine
1231 3417 1546 3515 comparationem,
1564 3421 1730 3521 deinceps
1748 3422 1972 3498 transeamus.

888 3664 1354 3739 PROPOSITIO
1404 3665 1476 3739 XI.

383 3855 425 3932 Si
448 3849 667 3925 loxodraniam
692 3845 837 3942 aliquam
853 3857 886 3915 et
903 3845 969 3936 n'ns
985 3846 1214 3942 quantitatem,
1240 3845 1471 3935 astinatianem
1490 3858 1580 3916 lnam
1589 3847 1732 3943 secutas,
1758 3848 1806 3920 ad
1817 3850 1983 3921 invenien-

439 3978 514 4047 dam
531 3972 736 4048 Latitudinis
753 3970 983 4042 nuntiationem
999 3969 1200 4057 adbibuerit,
1226 3984 1259 4042 et
1274 3970 1406 4065 ej'ttsdem
1423 3971 1653 4041 evariationem
1675 3971 1786 4042 exinde
1801 3972 1983 4044 derivatam

431 4103 481 4176 ab
497 4101 664 4196 obseruata⁴
679 4098 837 4191 diversam
853 4095 1085 4189 deprehendas,
1113 4121 1205 4169 crure
1221 4097 1465 4190 mecodynnntico
1473 4097 1646 4192 secunaitm
1664 4099 1851 4186 astttaanm
1864 4099 1984 4195 cursim

438 4238 576 4310 retenta,
589 4218 793 4292 latitudinem
809 4219 1054 4316 inobservatum
1070 4217 1266 4311 parallelum
1279 4220 1466 4312 transferes,
1483 4233 1516 4290 et
1532 4219 1607 4288 hinc
1620 4216 1823 4313 longitudinis
1835 4217 1986 4312 apsaren-

438 4349 518 4420 tiam
535 4340 755 4439 invesligabis.

481 4513 640 4586 ORMA
666 4509 785 4584 curilis
812 4508 1044 4607 quantitatem
1063 4506 1221 4602 augendi
1242 4507 1473 4583 minuendive
1490 4507 1540 4583 est
1565 4507 1717 4582 latitudo
1734 4509 1780 4581 de
1805 4510 1898 4583 coelo
1919 4508 1984 4582 ob·

504 4613 662 4687 servata:
697 4612 772 4684 haec
798 4611 893 4684 enim
920 4617 975 4701 (ut
1004 4610 1141 4683 dislnm
1166 4609 1246 4703 est,)
1273 4610 1578 4683 observationibus
1609 4609 1832 4705 sequentihus
1863 4635 1984 4683 emen-

388 4712 481 4800 dari,
508 4735 568 4786 ant
597 4709 795 4784 confirmari
821 4734 855 4784 et
885 4708 994 4784 refelli
1023 4711 1133 4804 potest
1148 4742 1159 4797 ;
1186 4711 1320 4806 reliqua
1340 4731 1459 4783 autem
1489 4736 1554 4785 nec
1580 4708 1705 4794 iterari,
1732 4734 1848 4805 neque
1876 4710 1984 4808 relegi

389 4816 542 4912 poliunt.
565 4861 568 4868 -
595 4812 637 4884 In
655 4811 784 4906 quibus
802 4811 946 4905 quidem
966 4811 1131 4882 univerhs
1157 4812 1382 4906 srpeccatum
1405 4837 1477 4882 non
1498 4814 1550 4896 sit,
1578 4809 1741 4882 omnium
1759 4809 1986 4884 arctissimum

389 4913 596 4988 consensum
613 4911 682 4982 effe
699 4931 859 5006 oportet:
887 4912 934 4982 sln
955 4910 1039 4982 terh
1056 4909 1173 5005 aliqua
1191 4913 1281 4983 inter
1297 4907 1360 4982 ista
1377 4909 1574 5002 differentia
1591 4907 1736 4995 existat3
1764 4909 1867 4982 unica
1883 4912 1987 4984 datur

390 5012 555 5100 latitudo,
583 5034 663 5106 quae
682 5010 785 5083 nohis
808 5010 853 5082 atl
872 5008 1156 5082 emendationem
1180 5007 1396 5105 reliquorum
1426 5010 1541 5082 facem
1558 5009 1717 5081 alluceat.
1769 5007 1825 5082 Ut
1854 5011 1876 5080 si
1902 5012 1986 5082 aba

390 5113 531 5188 cursum
557 5110 790 5184 loxodromiae
809 5109 940 5205 quintae
959 5107 1137 5195 iniverim,
1164 5110 1467 5205 quemadmodum
1495 5111 1578 5183 actis
1598 5108 1805 5204 magneticae
1825 5111 1906 5182 srtus
1922 5112 1987 5183 ob·

390 5213 542 5287 servatus
568 5210 698 5283 dit‘lare
716 5209 803 5282 mihi
823 5205 913 5281 risus
934 5208 997 5297 est,
1025 5209 1193 5281 aellimata
1209 5230 1327 5281 autem
1345 5209 1476 5282 itineris
1503 5208 1691 5306 longitudo
1720 5209 1759 5282 stt
1786 5209 1987 5282 milliarium

392 5336 456 5408 77,
483 5312 685 5409 aparallelo
705 5335 752 5404 50
780 5307 899 5384 versiis
917 5311 1076 5398 boream,
1103 5308 1284 5382 observata
1310 5310 1461 5384 latitudo
1480 5335 1525 5408 5²
1535 5336 1599 5484 pr.
1630 5330 1676 5384 20
1695 5308 1782 5383 seru.
1808 5309 1902 5380 unde
1922 5333 1984 5381 no·

393 5413 448 5484 bis
465 5413 484 5484 ὲ
503 5434 638 5486 canone
656 5440 800 5508 προχειρῳ
818 5413 921 5485 datur
937 5408 1104 5484 evariatio
1122 5408 1320 5582 lqtissudinis
1346 5433 1366 5484 2
1386 5435 1440 5510 gr.
1466 5437 1516 5502 40
1548 5435 1595 5484 cr.
1623 5431 1656 5483 et
1685 5434 1765 5486 crus
1793 5407 1987 5517 mecodyn·

1227 5533 1246 5582 2
1829 5525 1987 5580 amicum
