4817 6659
731 748 895 803 sirit.
950 746 1165 803 sarit.
1216 751 1332 804 ntis.
1378 749 1423 806 ii.
1802 753 1869 832 195

275 924 458 1013 aestimatl,
483 922 545 998 lile
573 922 694 998 contria
725 925 892 1023 majorem
918 925 1000 1014 effe,
1040 925 1158 1001 mirari
1185 929 1333 1015 defines,
1368 950 1453 1001 cum
1481 927 1619 1004 causam
1651 930 1870 1028 pernoveris.

276 1033 291 1101 l
300 1035 374 1102 nter
392 1026 623 1100 meridianum
641 1045 675 1096 et
699 1030 919 1122 parallelum,
947 1027 1252 1102 loxodromiarum
1276 1030 1396 1128 anguli
1428 1048 1463 1101 et
1490 1028 1665 1125 quantitas
1689 1029 1807 1105 cursils
1824 1033 1872 1105 ita

276 1148 379 1201 erunt
396 1124 629 1222 temperandi,
657 1127 758 1222 proiit
776 1127 925 1223 diligens
946 1125 1159 1217 observatio,
1185 1149 1220 1201 et
1238 1128 1357 1201 sedula
1371 1125 1505 1202 itineris
1519 1126 1670 1202 consedi
1688 1131 1870 1205 aestimatio

276 1249 411 1324 arguet,
438 1224 631 1299 secundum
651 1247 829 1324 praetepta
844 1230 880 1299 in
906 1228 1120 1325 simplicibus
1137 1229 1260 1326 posita,
1287 1227 1350 1300 ubi
1379 1227 1521 1325 singulis
1543 1231 1700 1303 cursibus
1722 1231 1871 1328 singulas

274 1326 533 1403 observationes
562 1325 764 1416 tribuimus,
791 1348 825 1400 et
848 1325 1043 1402 secundlim
1073 1351 1129 1401 eas
1150 1327 1417 1401 emendavimus
1446 1329 1590 1424 quando
1613 1330 1695 1402 esset
1725 1331 1870 1405 necelle.

274 1429 468 1514 Caetenlm,
496 1450 580 1498 cum
598 1425 632 1496 in
651 1426 866 1524 compositis,
883 1427 945 1500 ubi
964 1429 1039 1525 post
1057 1429 1193 1525 aliquot
1210 1428 1329 1502 cursus
1347 1427 1568 1501 continuatos
1585 1428 1732 1502 demitm
1751 1428 1870 1503 obser-

275 1528 371 1600 vatio
389 1549 422 1597 et
440 1524 641 1598 emendatio
669 1528 895 1616 adhibentur,
921 1551 963 1600 ea
984 1551 1038 1600 res
1066 1530 1144 1622 plus
1171 1529 1301 1601 habeat
1328 1526 1570 1615 difficultatis,
1598 1531 1732 1602 necesse
1756 1527 1804 1604 est
1833 1553 1873 1604 ut

272 1626 464 1725 cognoscas
481 1650 646 1721 quaenam
665 1626 699 1698 in
719 1628 860 1725 singulis
877 1628 1034 1700 cursibus
1052 1627 1278 1701 loxodroniia
1304 1653 1368 1724 pro
1384 1624 1452 1701 alia
1478 1629 1517 1700 sit
1541 1625 1793 1717 substituenda,
1820 1651 1872 1704 at-

276 1754 347 1824 que
366 1729 413 1799 ita
441 1748 579 1823 paratus
595 1750 635 1799 ac
654 1726 837 1801 instruetus
853 1726 993 1802 venias:
1023 1745 1060 1799 ut
1089 1729 1126 1801 iii
1149 1730 1306 1824 eoquod
1326 1728 1437 1803 modb
1455 1725 1706 1814 recensuimus,
1733 1751 1816 1802 cunt
1835 1729 1871 1803 in

273 1849 391 1899 ortum
411 1828 457 1899 ire
478 1824 568 1897 visits
585 1829 638 1911 fis,
665 1847 780 1900 tamen
800 1854 871 1902 non
890 1828 1014 1902 reseras
1038 1828 1074 1900 in
1092 1827 1298 1925 ephemerin
1316 1847 1415 1901 tuam
1437 1827 1612 1900 nauticam
1631 1830 1719 1919 onst,
1746 1827 1803 1903 sed
1831 1850 1872 1903 ut

272 1928 448 2014 diximus,
476 1926 644 2020 Zaydroost
659 1930 819 2001 milliaria
836 1944 910 2014 tot;
937 1948 1042 2022 atque
1060 1926 1109 1999 ita
1127 1930 1162 2000 in
1180 1928 1315 2001 caeteris
1332 1929 1376 2001 ad
1395 1928 1544 2002 eandem
1563 1952 1734 2001 normam.
1761 1929 1873 2026 Qtod

276 2028 361 2099 siin
391 2031 536 2123 pelagus
564 2026 709 2123 aliquod
736 2028 927 2125 imparatus
954 2027 1088 2116 venias,
1114 2047 1149 2100 et
1178 2048 1305 2123 prater
1322 2028 1529 2124 opinionem
1547 2027 1583 2100 in
1603 2027 1639 2100 id
1668 2031 1707 2100 sis
1724 2029 1871 2115 delatus,

182 2121 185 2128 ’
275 2127 377 2223 cujus
394 2153 508 2223 neque
536 2125 765 2223 agitationem
791 2154 906 2226 neque
924 2128 1099 2224 impetum
1118 2126 1441 2212 sandoaudiveris;
1469 2151 1560 2225 opus
1586 2128 1652 2200 erit
1670 2148 1709 2199 ut
1736 2128 1871 2201 summai

175 2257 183 2304 τ.
213 2245 216 2252 ’
275 2252 359 2301 cum
378 2228 460 2299 curfi
476 2247 582 2323 atque
600 2226 768 2301 industri&
787 2228 858 2325 ipse
882 2228 966 2304 huic
994 2227 1042 2301 rei
1068 2227 1229 2302 animum
1258 2231 1430 2315 advertas,
1459 2247 1565 2324 atque
1592 2226 1761 2301 aestimata
1788 2254 1873 2303 cum

169 2407 173 2418 ,
233 2317 249 2378 ’·
274 2326 465 2401 observatis
483 2325 654 2414 conseras,
681 2330 775 2401 unde
793 2329 1007 2402 correctione
1024 2327 1342 2401 loxodromiarium
1369 2325 1459 2401 sadai
1488 2325 1623 2425 aliquid
1650 2325 1720 2400 sani
1747 2329 1792 2402 de
1809 2349 1872 2402 tuo

234 2483 236 2488 .
275 2425 449 2539 profedlu,
464 2448 523 2499 aut
541 2423 693 2517 desedu,
713 2428 836 2501 llattias
854 2458 864 2512 ς
881 2454 963 2502 nam
983 2428 1017 2501 id
1035 2428 1143 2526 gnavi
1158 2448 1193 2500 et
1211 2426 1368 2501 industrii
1383 2426 1541 2500 naucleri
1559 2451 1689 2499 munus
1707 2427 1782 2502 est:
1810 2455 1872 2502 cu-

191 2541 193 2548 '
266 2553 327 2626 Jus
349 2527 432 2599 fidei
453 2552 524 2599 non
542 2528 679 2600 tantum
697 2553 830 2601 merces
848 2528 932 2615 issae,
959 2526 1186 2625 quantumvis
1204 2528 1385 2626 pretiosae,
1413 2528 1537 2601 verum
1555 2526 1661 2601 etiitm
1680 2527 1778 2603 navis
1795 2530 1872 2604 uni·

274 2627 382 2715 versa,
409 2631 480 2722 quis
499 2648 550 2697 tor
568 2628 755 2700 hominurn
772 2631 843 2701 vita
860 2650 895 2703 et
915 2629 1002 2702 salus
1020 2630 1234 2718 continetur,
1262 2627 1312 2702 est
1328 2629 1542 2701 concredita.

325 2727 449 2799 Visum
479 2726 529 2798 est
555 2728 636 2800 huic
666 2729 873 2802 theoremati
904 2729 1216 2803 luculentissimum
1244 2728 1378 2802 itineris
1403 2727 1572 2823 longioris
1600 2728 1810 2823 exemplum
1839 2744 1874 2803 et

273 2828 401 2902 calculi
422 2825 591 2898 rationein
619 2826 808 2924 subjicere3
836 2831 930 2903 unde
954 2828 1071 2926 praxis
1089 2827 1202 2902 nostra
1219 2830 1360 2902 nautica
1379 2828 1533 2924 pernosci
1553 2830 1676 2924 possit:
1705 2850 1740 2899 et
1758 2848 1873 2903 toturn

274 2929 360 3002 illud
379 2929 477 3023 quod
489 2925 590 3020 sopri
608 2927 643 2998 in
661 2926 860 3002 ordinando
876 2930 1018 3002 nautico
1030 2927 1143 3001 diario
1160 2929 1388 3002 adhibuimus
1406 2930 1477 3000 huc
1495 2925 1691 3014 transferte,
1703 2948 1811 3023 atque
1827 2930 1874 3002 ad

274 3031 403 3101 abacos
422 3026 552 3097 nautici
572 3026 769 3124 epilogismi
789 3053 965 3102 revocare.
992 3027 1071 3102 Ubi
1084 3028 1150 3100 hoc
1164 3026 1250 3099 milii
1269 3029 1470 3100 monendus
1487 3053 1523 3102 es
1541 3024 1577 3100 in
1594 3027 1667 3123 ipso
1682 3025 1873 3112 vestibulo,

275 3126 603 3202 Loxodtomiartim
620 3131 783 3228 angulos,
810 3149 845 3202 et
863 3129 1029 3202 cursuum
1055 3126 1289 3226 quantitatem
1318 3129 1338 3201 a
1366 3125 1577 3225 peritissimis
1599 3126 1785 3212 naucleris,
1811 3131 1873 3223 qui

273 3233 344 3300 una
361 3228 591 3315 vehebantur,
618 3248 652 3299 et
670 3231 794 3301 harum
813 3230 1063 3303 difficultatum
1080 3228 1174 3301 haud
1191 3229 1299 3302 essent
1316 3248 1494 3323 expertes,
1521 3229 1568 3299 ita
1583 3225 1778 3300 secundum
1796 3227 1874 3300 illo-

271 3354 353 3402 rum
371 3327 660 3400 consuetudinem
677 3329 897 3416 emendatos,
924 3329 1230 3426 quemadmodum
1253 3328 1327 3426 ipsi,
1353 3327 1419 3402 usu
1442 3325 1574 3417 edoui,
1602 3351 1687 3399 vero
1716 3328 1873 3402 maxime

274 3430 417 3502 assidere
435 3425 695 3514 existimarent3
722 3431 836 3527 idque
861 3427 912 3504 illi
938 3453 1027 3504 voce
1053 3428 1215 3505 technicai
1240 3429 1399 3503 behouden
1425 3429 1548 3527 coursen
1573 3453 1610 3500 en
1626 3425 1725 3516 mylen
1741 3427 1876 3526 indigi·

274 3548 363 3603 tant.
403 3528 444 3599 ld
471 3528 639 3620 fignificat
656 3538 762 3620 citrsiu
793 3543 824 3600 et
851 3528 1010 3601 milliaria
1014 3534 1115 3622 sarta
1131 3539 1230 3619 rebla,
1258 3553 1331 3626 quo
1350 3530 1516 3616 innuunt,
1542 3551 1626 3603 cuni
1644 3527 1728 3615 lide,
1755 3528 1874 3601 indus·

273 3629 355 3717 tria,
383 3645 416 3700 et
444 3624 604 3723 legitima
624 3625 802 3723 utriusque
818 3628 1008 3716 taxatione,
1036 3628 1168 3726 quibus
1195 3629 1270 3704 baec
1299 3627 1334 3700 in
1353 3629 1475 3702 medio
1493 3629 1577 3704 mari
1605 3625 1683 3700 sunt
1699 3627 1874 3718 obnoxia,

272 3729 336 3803 illa
354 3752 417 3826 pro
435 3727 513 3800 visis
535 3747 570 3800 et
600 3727 851 3824 apparentibus
878 3733 946 3802 effe
971 3729 1165 3820 substituta,
1190 3729 1299 3829 proiit
1327 3729 1533 3828 quotidiana
1558 3751 1619 3801 eos
1641 3728 1873 3824 experientia,

271 3829 436 3905 omnium
455 3853 572 3901 rerum
590 3827 766 3925 magistra,
791 3830 960 3906 erudivit.

327 3930 377 4002 Sit
408 3928 527 4025 itaque
549 3927 654 4001 nobis
673 3932 878 4028 exemplum
898 3931 918 4004 e
935 3928 1060 4004 Diario
1078 3927 1222 4003 nautico
1239 3925 1483 4027 propositionis
1501 3947 1649 4024 quartae,
1676 3925 1737 4002 ub'i
1754 3927 1775 4002 ὲ
1791 3925 1874 4006 daia

274 4028 501 4104 inclinatione
519 4048 554 4102 et
570 4027 737 4102 cursuum
765 4029 957 4126 quantitate
984 4029 1216 4129 longitudinis
1245 4049 1279 4103 et
1307 4026 1505 4101 latitudinis
1534 4027 1786 4102 evariationem
1813 4053 1875 4126 per

272 4150 399 4216 artem,
427 4130 483 4199 vel
511 4130 532 4198 si
561 4128 682 4214 libeat,
708 4129 825 4225 potius
844 4155 863 4201 e
879 4130 1032 4203 canonio
1048 4129 1188 4232 προχείρῳ
1218 4130 1378 4228 prinilim
1404 4152 1515 4200 erues.
1570 4130 1640 4200 Sed
1668 4130 1705 4200 id
1730 4151 1875 4225 quoque

273 4231 471 4303 notandum
491 4230 553 4301 tibi
573 4227 635 4314 est,
662 4231 761 4328 quod
786 4230 857 4305 loci
885 4232 966 4305 situs
983 4231 1028 4302 ad
1047 4254 1152 4326 quem
1172 4229 1253 4318 itur,
1279 4227 1340 4301 hic
1358 4225 1560 4300 orientalior
1574 4228 1614 4299 sit
1632 4250 1675 4299 eo
1692 4228 1788 4298 unde
1804 4227 1875 4301 dis·

273 4331 423 4413 oeditur,
443 4348 478 4400 et
500 4331 666 4424 praterea
686 4353 830 4427 quoque
847 4330 1131 4415 meridionalior;
1163 4331 1264 4425 quod
1281 4327 1364 4402 ideo
1382 4345 1527 4399 monere
1544 4326 1713 4424 oportuit,
1733 4345 1771 4397 ut
1789 4326 1875 4402 inde

273 4427 534 4527 longitudinem
565 4449 599 4500 et
629 4430 852 4505 latitudinem
880 4431 948 4505 loci
976 4430 1089 4528 optati
1117 4431 1236 4526 postea
1264 4428 1330 4503 rite
1357 4450 1393 4532 et
1423 4430 1495 4499 fine
1523 4449 1640 4500 errore
1669 4424 1871 4503 constituas.

274 4529 386 4605 Diarii
413 4526 516 4622 hujus
532 4530 664 4603 nautici
691 4532 884 4608 secundum
907 4532 1165 4607 divinationem
1194 4549 1232 4606 et
1254 4527 1437 4605 observata
1461 4528 1539 4600 baec
1566 4526 1615 4601 est
1638 4524 1804 4613 formula,
1833 4549 1872 4603 ut

274 4631 399 4729 primae
418 4628 513 4701 selidi
532 4633 655 4702 mensis
671 4631 746 4704 dies
764 4635 802 4706 sit
818 4633 1035 4732 adscriptus;
1061 4632 1224 4708 secundae
1238 4632 1384 4705 nomina
1400 4648 1585 4704 ventorum
1606 4626 1735 4724 quibus
1751 4627 1872 4702 curstls

273 4729 456 4804 inclinatio
479 4750 514 4801 et
541 4731 646 4825 plaga
675 4733 843 4807 definitur
858 4767 869 4821 3
896 4733 1005 4809 tertiae
1031 4731 1185 4830 ejusdem
1210 4732 1385 4830 quantitas
1414 4728 1449 4801 in
1479 4728 1712 4810 milliaribm3
1739 4750 1870 4822 quarite

270 4830 488 4927 singulorum
508 4827 672 4904 cursuum
689 4833 883 4907 latitudinis
901 4831 1069 4909 evariatio
1095 4833 1141 4905 de
1163 4835 1261 4906 coelo
1277 4830 1484 4915 observata,
1509 4827 1647 4923 quintae
1677 4824 1872 4901 latitudiuis

261 4929 439 5026 ¹evariatio
463 4929 656 5004 secundum
678 4932 797 5005 cursus
826 4932 1029 5008 animatam
1059 4931 1319 5030 quantitatem,
1351 4929 1456 5002 sexto·
1473 4927 1635 5000 milliaria
1651 4929 1869 5026 mecodyna-

272 5029 365 5104 mica
390 5028 506 5102 eidem
523 5055 677 5128 congrua
692 5059 703 5116 ;
735 5031 891 5130 septimae
906 5031 1137 5130 longhudinis
1152 5028 1322 5105 evariatio
1335 5030 1358 5104 ὲ
1372 5025 1580 5104 milliaribus
1598 5027 1871 5123 mecodynami-

271 5129 323 5204 cis
339 5127 507 5204 derivata.
543 5131 688 5204 Horum
706 5132 874 5223 duomm,
893 5157 975 5232 quae
993 5131 1121 5206 ultimo
1135 5133 1219 5206 loco
1233 5129 1488 5221 recensuimus,
1505 5127 1804 5226 magnitudinem,
1822 5153 1869 5204 ex

270 5231 423 5303 canonio
441 5232 619 5328 proclilr0,
644 5252 703 5305 aut
722 5258 783 5331 per
801 5238 979 5309 calculum
997 5232 1174 5332 explicare
1190 5232 1325 5321 licebit,
1351 5231 1456 5330 proiit
1473 5254 1716 5328 opportunum
1733 5230 1870 5303 videbi·

267 5352 340 5419 tur,
359 5331 664 5428 quemadmodum
684 5334 745 5406 lile
765 5332 888 5408 vides:
926 5333 1037 5432 Cujus
1054 5335 1226 5408 rationem
1242 5334 1413 5431 dehceps
1431 5332 1612 5432 sigillatim
1630 5329 1735 5404 etiam
1754 5330 1899 5430 expli-l

269 5455 407 5504 castius.
458 5431 604 5505 lnitium
633 5433 866 5532 navigationis
885 5432 1086 5609 ῑιιὲιιιιιὲείὶ
1103 5435 1124 5508 ὲ
1143 5435 1310 5535 parallelo
1330 5436 1440 5510 boreo
1458 5455 1504 5530 5²
1521 5457 1577 5532 gr.
1604 5456 1650 5529 ις
1672 5431 1735 5506 scr.
1767 5529 1815 5602 D·

1047 5559 1107 5608 ca
1806 5555 1866 5606 ies.
