4817 6659
438 731 548 830 .¹5⁶
888 745 1332 805 winnaaxoiroi
1384 748 1648 804 exarata

478 924 749 1000 meridianorum
755 926 806 1019 jr',
832 950 888 1010 uo,
914 930 964 1022 uf,
989 930 1056 1004 else
1073 928 1234 1025 aequalia,
1260 947 1296 999 et
1323 927 1470 1038 angulos
1486 926 1543 1019 eij,
1569 926 1638 1013 iou,
1665 921 1732 1018 auf
1752 921 1916 1018 aequales,
1942 925 1982 1016 φ’,
2009 927 2060 1009 iv,

478 1028 519 1114 rf
539 1026 784 1122 parallelorum
812 1028 1024 1100 circulorum
1042 1028 1222 1124 segmenta
1239 1051 1309 1099 non
1326 1027 1474 1124 quidem
1503 1022 1638 1111 smilis,
1663 1022 1723 1096 sed
1746 1019 1895 1115 aequalia
1911 1023 2061 1093 tanturn.

480 1125 559 1197 ch
577 1127 663 1195 basis
680 1125 843 1221 trianguli
862 1127 969 1199 totius
987 1127 1069 1199 esset
1086 1131 1193 1215 eim
1214 1149 1297 1199 erus
1315 1124 1420 1228 porro
1436 1122 1612 1221 reliquum
1628 1147 1684 1211 ux,
1701 1122 1729 1195 .ὲ
1747 1120 1930 1222 segmentis
1942 1122 1980 1213 li,
2005 1144 2061 1206 ov,

479 1225 527 1318 us,
554 1225 786 1321 compositum
805 1226 1029 1324 intelligatur.

944 1520 1407 1596 PROPO'SITIO
1457 1519 1599 1594 XVlll

508 1719 649 1816 Ejusdem
673 1720 1042 1820 onrdromiestgmexta
1068 1717 1345 1812 interperallelos
1369 1716 1505 1788 circulos
1529 1714 1645 1813 equali
1668 1713 1843 1791 intervallo
1866 1713 2038 1810 dinanno
2070 1775 2075 1810 z
2087 1795 2096 1826 ·.
2109 1737 2147 1796 ,ς

1051 1846 1233 1935 intercepta¹
1237 1846 1320 1939 sunt
1345 1837 1493 1937 aqualia.
2085 1853 2089 1862 “

2065 1961 2097 2000 ἱ.

482 2038 592 2192 ΕΤ
628 2040 696 2109 hoc
721 2062 865 2133 quoque
890 2042 1082 2134 expositam
1108 2039 1411 2111 loxodromiarum
1437 2037 1587 2112 sormam
1605 2036 1843 2133 consequitur.
1894 2035 1948 2110 Sit
1969 2033 2149 2128 enimait.

587 2136 807 2207 loxotlromia
824 2136 942 2231 aliqua
960 2162 1042 2233 quae
1060 2137 1406 2233 ad-aequinotlialem
1433 2136 1542 2236 usque
1569 2136 1742 2232 pertingat
1772 2138 1792 2206 a
1821 2135 1929 2232 gradu
1948 2136 2065 2207 latitu·
2120 2135 2149 2208 lai

484 2232 576 2305 <linis
610 2237 740 2330 primo,
778 2260 1029 2332 quemcunque
1058 2238 1200 2307 tandem
1228 2260 1311 2307 cum
1346 2235 1548 2308 meridianis
1581 2237 1749 2332 angulum
1780 2235 2075 2327 comprehendat:
2115 2245 2149 2284 ⁸·

483 2333 592 2421 Quod
629 2336 651 2404 si
688 2335 744 2407 liic
776 2359 838 2431 pei·
861 2337 993 2430 singula
1023 2335 1156 2406 minuta
1189 2334 1343 2429 paralleli
1375 2331 1498 2407 circuli
1519 2337 1661 2405 transire
1691 2333 1942 2429 intelligantur,
1980 2334 2068 2403 fient

484 2431 661 2529 sexaginta
687 2432 788 2528 hujus
806 2433 1037 2505 loxodroiniae
1056 2456 1168 2530 partes
1187 2434 1275 2505 inter
1293 2434 1354 2505 hos
1373 2432 1585 2529 intercepta,
1612 2451 1646 2504 et
1674 2430 1753 2503 idei>
1781 2456 1841 2526 per
1857 2430 1928 2526 ipsa
1945 2429 2067 2502 l'eetio-

484 2555 570 2602 num
590 2534 719 2625 punsla
744 2533 858 2602 duslis
876 2532 1043 2625 parallelis
1061 2532 1209 2603 totidem
1232 2532 1315 2603 fierit
1342 2535 1436 2629 quasi
1459 2531 1634 2626 triangula
1658 2531 1885 2629 reslangula5
1912 2553 2068 2625 quorum

473 2654 715 2712 thummim,
744 2629 923 2703 meridiani
953 2631 1077 2726 nempe
1108 2631 1342 2726 segmentum,
1367 2629 1460 2702 cruri
1487 2630 1638 2715 alterins,
1665 2650 1699 2702 et
1729 2630 1879 2725 angulus
1907 2628 2068 2711 unionis

475 2728 746 2813 ⁴·Loxodromiai,
774 2750 941 2824 tauquam
961 2728 1049 2811 base,
1067 2752 1100 2801 et
1118 2728 1313 2801 meridiano
1330 2727 1610 2825 comprehensus,
1630 2731 1762 2825 angulo
1781 2727 1918 2799 alterius
1935 2724 2069 2822 pariter

485 2825 689 2914 constituto,
709 2830 746 2898 fit
764 2826 931 2923 aequalis:
961 2850 995 2900 et
1008 2828 1180 2924 triangula
1197 2828 1279 2901 ideo
1297 2826 1368 2925 ipsa
1383 2851 1529 2924 quoque
1547 2826 1670 2899 similia
1687 2845 1720 2897 et
1737 2824 1896 2921 aequalia·
1937 2829 2024 2911 Aut,
2043 2829 2067 2896 si

485 2950 527 2998 ne
554 2930 621 2999 hoe
649 2926 795 3023 quidem
815 2926 893 2999 satis
918 2929 970 3013 sit,
998 2953 1057 3023 pei
1081 2927 1215 3024 singula
1231 2927 1382 3000 secunda
1399 2927 1556 3023 scrupula
1574 2926 1730 3023 paralleli
1747 2925 1845 2997 decli
1872 2923 2069 3021 intelligan-

472 3043 554 3111 tur,
571 3047 603 3097 et
622 3026 704 3099 fient
723 3027 1113 3123 reslangirla-triangula
1132 3030 1254 3122 36003
1273 3029 1343 3113 vel,
1362 3027 1384 3096 fi
1403 3026 1509 3098 etiam
1529 3027 1665 3097 minora
1683 3023 1859 3119 segmenta
1875 3023 2068 3119 concipias,

484 3124 790 3198 tantosaciliorem
809 3126 953 3199 habebit
970 3127 1255 3221 explicationem,
1282 3147 1316 3195 et
1338 3147 1420 3196 cum
1439 3124 1551 3221 planis
1573 3124 1754 3220 triangulis
1770 3122 1973 3193 affinitatem
1990 3149 2003 3206 ς
2029 3144 2071 3197 ut
2137 3189 2144 3202 ,

471 3248 572 3296 unus
588 3226 714 3321 gradus
733 3225 765 3296 in
786 3225 981 3295 meridiano
999 3245 1069 3293 tion
1096 3226 1233 3294 tanthm
1252 3223 1286 3293 in
1304 3223 1416 3312 tertia,
1442 3242 1501 3295 aut
1520 3241 1655 3319 quarta,
1680 3220 1738 3293 sed
1755 3221 1861 3293 etiam
1878 3220 1915 3292 in
1932 3213 2149 3340 decilxaffgj¹

484 3324 541 3395 vel
572 3323 751 3395 millesima
767 3323 928 3415 scrupula
956 3318 1113 3395 concisus
1143 3319 1366 3419 intelligatur.
1403 3326 1524 3416 Atque
1550 3321 1596 3392 ita
1619 3319 1653 3391 in
1677 3321 1729 3392 his
1757 3318 1989 3393 minutissimis
2006 3319 2149 3416 trs-:3

442 3426 448 3438 ’
482 3422 621 3513 angulis
639 3422 771 3516 singula
787 3444 888 3491 crtira
905 3420 1076 3504 cruribus,
1102 3439 1134 3489 et
1154 3418 1260 3509 bases,
1276 3427 1381 3516 (quae
1397 3419 1473 3491 sunt
1491 3417 1726 3491 loxodromiae
1745 3418 1836 3490 istius
1853 3417 2067 3516 segmenta‚)

483 3519 634 3604 batibus,
661 3521 908 3613 aequaliuniur.
946 3519 993 3588 Et
1011 3516 1098 3589 illud
1117 3518 1220 3590 helici
1238 3521 1468 3613 cylindraceae
1486 3541 1629 3614 quoque
1650 3516 1847 3615 respondet,
1873 3515 1973 3614 cujus
1989 3517 2065 3612 seg·

485 3639 602 3689 menta
621 3619 708 3689 inter
726 3616 874 3689 circulos
892 3617 1084 3711 parallelos,
1110 3637 1143 3688 et
1162 3618 1288 3714 aequali
1300 3617 1495 3689 ¹intervallo
1523 3616 1726 3713 disjnnslos,
1754 3616 1903 3712 aequalia
1922 3615 2071 3689 omnini>

476 3719 585 3790 sunt:
614 3719 668 3789 setl
697 3714 756 3787 ista
782 3715 960 3809 segmenta
984 3713 1060 3788 sunt
1077 3718 1242 3812 praetcrea
1260 3716 1365 3788 etiam
1385 3739 1552 3812 congrua,
1579 3719 1628 3788 ob
1646 3716 1737 3788 illius
1755 3716 1854 3786 lineae
1871 3721 2070 3809 ὁμοιομέρειαι,

483 3838 521 3887 ιιι
543 3814 757 3910 Apollonius
780 3815 873 3909 apud
897 3816 1061 3887 Proclum
1086 3814 1362 3898 alemonslravit3
1390 3815 1488 3911 quod
1506 3813 1550 3885 'in
1572 3814 1683 3885 nostrl
1700 3811 1814 3885 helice
1831 3838 1900 3885 non
1919 3815 2071 3912 assequi·

483 3939 576 3986 mur.
627 3916 745 3998 Quare
772 3911 926 4009 ejusdem
961 3913 1081 3986 helicis
1114 3913 1334 4011 segmentum
1367 3912 1457 3984 inter
1482 3913 1766 4010 aequinoslialem
1798 3931 1831 3982 et
1862 3914 2069 4009 parallelum

483 4012 637 4110 primum
656 4033 792 4083 tantum
811 4011 888 4099 erit,
916 4033 1088 4108 quantum
1108 4012 1198 4083 inter
1213 4038 1262 4111 45
1290 4030 1324 4083 et
1342 4014 1403 4103 46,
1430 4031 1489 4083 aut
1508 4035 1555 4107 50
1573 4030 1606 4082 et
1625 4035 1686 4104 51,
1713 4012 1769 4081 vel
1796 4014 1843 4083 80
1863 4032 1898 4084 et
1928 4015 1990 4101 81,
2015 4034 2070 4086 at·

485 4136 556 4209 que
575 4114 621 4183 ita
642 4111 745 4207 porro
768 4113 812 4183 de
838 4111 1002 4183 omnibus
1019 4114 1078 4208 qui
1096 4110 1170 4184 dari
1196 4112 1337 4208 possunt
1352 4109 1538 4209 parallelis.
1577 4112 1619 4183 ld
1643 4109 1680 4182 in
1698 4106 1873 4205 superiore
1888 4111 2069 4209 diagram-

483 4231 577 4283 mate
603 4210 701 4283 liiieis
715 4212 763 4298 ji,
787 4236 842 4296 vo,
860 4213 920 4302 ju,
947 4214 1184 4308 expressimus.

535 4312 657 4382 Terrae
686 4331 799 4382 autem
819 4312 919 4406 polus
936 4313 1108 4406 punslum
1127 4311 1186 4396 est,
1216 4334 1286 4383 nori
1305 4312 1514 4408 parallelus3
1540 4327 1574 4381 et
1597 4308 1696 4379 nullo
1711 4308 1943 4381 loxodromiae
1968 4312 2069 4383 cursu

482 4411 526 4482 ad
546 4433 626 4482 eum
644 4408 804 4480 deveniri
827 4408 928 4503 posse
946 4409 1044 4506 supnl
1062 4409 1309 4496 demonstravi,
1336 4410 1421 4507 quia
1437 4405 1532 4480 helix
1551 4406 1612 4478 ista
1630 4425 1710 4478 ante
1727 4407 1868 4481 deficiat
1895 4409 2003 4503 quim
2023 4411 2070 4484 ad

479 4533 565 4582 euin
592 4509 778 4605 pertingat.
832 4507 1073 4582 Nihilominus
1092 4508 1394 4580 luxodromiarum
1422 4506 1597 4602 segmenta
1614 4504 1634 4574 a
1653 4509 1786 4601 punelo
1803 4509 1886 4601 polo
1906 4507 2071 4602 proximo

483 4612 573 4682 inter
598 4610 687 4679 diros
706 4606 885 4703 parallelos
910 4630 1123 4704 quocunque
1143 4609 1326 4679 intervallo
1357 4615 1427 4699 (ut,
1455 4605 1554 4700 puta,
1583 4603 1686 4676 unius
1704 4606 1846 4698 minuti)
1876 4605 2071 4701 disjunslos

480 4727 577 4781 tanta
603 4706 695 4786 stitit,
722 4725 851 4801 quanta
876 4708 962 4778 inter
982 4707 1161 4805 parallelos
1182 4707 1291 4801 prope
1321 4702 1605 4800 aequinostialem
1635 4707 1761 4775 eodem
1794 4705 1977 4776 intervallo
2001 4705 2070 4778 dis·

476 4826 615 4890 ·tantcs;
644 4805 701 4876 l'etl
729 4806 789 4895 ita,
817 4828 854 4877 ut
881 4807 1068 4879 minimum
1088 4807 1157 4878 hoc
1173 4806 1405 4877 loxodromiae
1422 4801 1643 4901 segmentum
1669 4802 1744 4875 illic
1763 4801 1883 4901 saepiirs
1908 4806 2071 4877 revolva-

480 4927 552 4996 tiir,
579 4927 769 5001 antequam
797 4905 886 4980 intrit
910 4907 1041 5004 positos
1058 4906 1242 5007 parallelos
1260 4902 1356 4980 suam
1383 4902 1617 5002 quantitatem
1637 4903 1803 5001 explicet.
