4817 6659
712 751 876 814 YIPH·
926 749 1138 806 DATAV·
1192 754 1308 806 ala.
1353 754 1384 807 1.

719 1080 1176 1205 uuonostrt'o
1228 1132 1375 1206 xxvi.

257 1359 293 1431 a·
316 1355 477 1453 trianguli
511 1352 712 1427 loaolromicl
736 1377 810 1425 crus
836 1356 1063 1449 μηκοδυναμικόν
1097 1370 1156 1448 per
1183 1355 1421 1449 parallelorum
1455 1356 1639 1432 minutatim
1665 1354 1850 1448 distantiam
1985 1341 1988 1348 ¹

304 1475 530 1568 differentiam,
556 1482 590 1550 in
608 1477 779 1548 latitudine
783 1478 886 1567 ſsmili
908 1476 1094 1562 dividatur,
1121 1492 1233 1571 quotus
1251 1483 1313 1551 erit
1324 1497 1408 1573 pars
1421 1476 1560 1574 fingulis
1585 1479 1607 1550 l
1635 1482 1770 1551 maximo
1793 1482 1847 1552 io·

304 1602 416 1694 clustvl
440 1602 488 1671 ad
508 1604 669 1673 minimum
694 1597 847 1691 malaſsar?
870 1599 1043 1695 aqualitlr
1057 1600 1280 1707 attrlburnda.

156 1847 213 1888 ··.
234 1859 247 1872 ..
313 1802 367 1873 lT
402 1801 438 1874 in
455 1801 579 1872 eodem
598 1799 851 1895 diagrammate
866 1792 918 1863 lia
934 1817 1011 1865 crus
1035 1799 1253 1890 paul-trapa&
1267 1795 1469 1870 milliarium
1487 1809 1568 1895 173,
1597 1818 1631 1872 et
1647 1797 1718 1871 kin
1736 1798 1846 1895 aequi-

159 1945 185 1972 .-.
239 1890 255 1910 ”
327 1898 480 1987 nodiali‚
497 1923 518 1968 a
536 1899 571 1971 in
590 1896 782 1970 latitudinis
800 1892 961 1987 scrupulo
978 1920 988 1965 i
1003 1918 1031 1963 1.
1062 1894 1195 1990 ltaque,
1211 1920 1273 1992 per
1292 1920 1340 1991 23
1358 1896 1645 1995 propositionem,
1663 1897 1723 1970 hic
1741 1915 1845 1970 erunt

157 1997 208 2088 k„
238 1997 429 2095 ¹«rjangula
445 1996 690 2071 loxodromica
723 2020 761 2066 ia
783 2013 817 2065 et
843 1990 993 2065 totidem
1024 2016 1123 2063 crura
1148 1993 1286 2090 lingulis
1305 1995 1473 2090 parallelis
1490 1992 1727 2084 attribuenda,
1756 2021 1846 2090 quo·
1880 2011 1889 2026 ·

156 2087 236 2218 fij]-
255 2103 338 2169 rdm
356 2097 512 2194 primum
530 2091 756 2191 equinodiali
775 2092 935 2178 debetur,
962 2092 1156 2164 secundum
1165 2096 1197 2188 f
1197 2113 1221 2186 p
1247 2094 1412 2191 parallelo
1431 2118 1491 2190 per
1508 2093 1715 2190 scrupulum·
1729 2095 1847 2167 latitu-

156 2187 350 2300 ,li‘Jnla’nis
368 2194 539 2291 primum,
565 2197 708 2267 tertium
738 2194 759 2263 b
767 2216 792 2285 g
819 2190 984 2285 parallelo
1016 2213 1076 2283 per
1098 2191 1299 2290 scrupulum
1325 2192 1530 2280 secundum,
1557 2194 1715 2290 denique
1735 2196 1848 2267 unde·

156 2329 177 2381 ,·.
210 2287 391 2372 ,eidam
420 2297 459 2364 ie
487 2295 655 2391 parallelo
668 2318 729 2388 per
745 2292 947 2384 scrupulum
965 2288 1171 2376 decimum3
1199 2310 1238 2362 ut
1252 2294 1298 2365 ab
1323 2295 1391 2364 hoc
1414 2317 1563 2366 munero
1592 2294 1774 2389 parallelus
1792 2295 1849 2366 ul-

157 2407 160 2418 '
185 2410 187 2415 '
213 2391 227 2448 f
252 2389 366 2465 'timus
385 2397 454 2465 sive
472 2394 681 2467 undecimus
697 2392 929 2463 excludatur:
959 2388 1042 2485 qnia
1060 2409 1183 2462 vertex
1202 2392 1374 2464 novissimi
1403 2391 1570 2492 tianguli
1599 2395 1614 2461 i
1622 2418 1671 2463 ae
1699 2417 1743 2465 eo
1771 2411 1850 2464 tan·

258 2482 336 2565 talin
353 2493 532 2591 pertingit.
570 2493 813 2583 Quamobrem
832 2514 929 2560 crure
948 2489 1240 2580 mecodynnmico
1263 2498 1330 2585 17}
1350 2490 1552 2564 milliarium
1572 2516 1635 2587 per
1658 2515 1697 2564 ιι
1717 2487 1849 2581 diviso,

172 2629 174 2634 ¹
209 2641 215 2650 -
257 2616 339 2687 pars
356 2614 465 2687 quota
494 2593 558 2664 erit
584 2604 626 2678 1}
650 2590 805 2661 milliaris
827 2587 965 2681 lingulis
984 2589 1157 2682 parallelis
1181 2588 1401 2662 attribuenda
1416 2617 1427 2675 ;
1455 2610 1495 2661 ut
1513 2589 1575 2672 kb,
1593 2592 1656 2683 fp,
1683 2590 1743 2688 bg,
1770 2591 1851 2663 reli·

200 2707 202 2712 ’
258 2692 399 2787 quaque
417 2690 594 2786 sigillatim
619 2691 770 2760 habeant
796 2685 1056 2779 longitudinem
1084 2685 1380 2781 sesqui-utillimis,
1433 2694 1555 2785 Atque
1573 2690 1621 2760 ita
1646 2689 1715 2762 hoc
1734 2710 1853 2763 totum

258 2789 348 2861 latus
364 2789 609 2888 imaginarium
629 2813 688 2883 per
714 2807 829 2882 partes
853 2786 1005 2877 aequales
1033 2785 1187 2881 lingulis,
1216 2807 1447 2882 quotcunque
1474 2786 1709 2882 concipimus,
1736 2790 1854 2883 paral·

257 2889 335 2961 lelio
351 2888 563 2961 attribuitur.
614 2889 688 2957 Res
703 2888 824 2958 eadem
843 2884 907 2955 erit
924 2883 946 2951 si
965 2907 1035 2952 non
1054 2886 1099 2953 ab
1125 2885 1213 2978 ipso,
1240 2885 1297 2958 led
1328 2886 1471 2958 aliunde
1497 2889 1517 2959 a
1544 2911 1763 2984 quocunque
1778 2885 1851 2959 alio

257 2987 443 3084 parallelo,
466 2987 607 3062 initium
632 2985 752 3059 facias.
804 2979 915 3076 Cujus
938 2982 1111 3054 veritaae
1147 2983 1287 3079 propos.
1315 3008 1378 3083 ²3³
1404 3003 1441 3057 et
1469 3007 1514 3080 25
1545 3007 1712 3081 quoque,
1737 2985 1853 3060 mani

258 3084 344 3159 festa
357 3084 421 3160 est.

157 3255 292 3386 ‘ai‘a'i
717 3323 1179 3403 PRopostTto
1230 3321 1390 3403 xxvii.

261 3530 478 3610 Loatlromiae
493 3527 742 3628 aeqalnoaiolmr
756 3528 889 3611 secantis
906 3548 978 3598 nas
993 3530 1218 3623 μηκοδυναμικὲν
1240 3529 1284 3599 ab
1310 3528 1522 3625 aeqalaoelialr'
1546 3528 1581 3601 in
1594 3532 1683 3620 saar
1694 3531 1859 3626 aramme

301 3654 478 3748 partesejl
501 3650 774 3742 distribuendam
801 3660 832 3720 lt
859 3649 1090 3742 aquinortialis
1121 3652 1281 3745 geminata
1296 3648 1393 3723 babet
1419 3650 1478 3721 hac
1507 3655 1579 3748 casa
1592 3649 1852 3747 partritnculam:

309 3784 442 3856 extremi
455 3794 561 3853 autem
578 3780 731 3873 paralleli
746 3780 904 3871 utrimque
919 3775 1148 3851 excludantur.

265 3978 365 4119 SIT
391 3978 437 4051 hx
461 3974 739 4074 aequinodialis3
758 3999 836 4047 crus
852 3976 1073 4067 amolnaptalv
1090 3977 1170 4058 0283
1196 3974 1254 4047 cui
1271 3994 1431 4072 aquetur
1445 3976 1480 4048 K
1494 4004 1528 4049 a.
1556 3975 1682 4071 ltaque
1700 3999 1780 4072 pars
1796 3977 1855 4051 Kk

336 4078 503 4171 parallelis
528 4076 647 4165 notiis,
674 4096 708 4148 et
732 4075 784 4150 ka
812 4069 984 4170 parallelis
998 4072 1128 4159 boreis,
1157 4074 1204 4146 est
1230 4073 1454 4170 imputanda,
1481 4100 1543 4170 per
1570 4076 1856 4152 antecedentem.

261 4180 384 4272 Atque
402 4175 449 4249 ita
466 4177 507 4249 fit
529 4195 567 4247 ut
593 4178 658 4262 ka,
684 4174 737 4247 kb
755 4174 906 4272 gemina
925 4170 1157 4266 portiunculae
1173 4171 1412 4271 aequinolliali
1434 4173 1667 4247 attribuenda
1684 4174 1762 4265 fiat,
1787 4199 1854 4266 eic-⁴

263 4295 396 4354 tremus
409 4295 531 4352 autem
547 4292 695 4372 uterque
710 4274 770 4347 hic
786 4297 890 4370 aequo
900 4275 979 4369 jure
1002 4271 1225 4346 excludatur.

678 4568 1170 4646 'PROPOSITIO
1222 4567 1406 4646 xxviii.

312 4767 417 4844 Datis
431 4766 547 4865 angulo
561 4764 761 4839 lraodroralae
776 4784 806 4840 et
823 4766 1009 4842 latitudinis
1025 4764 1241 4853 evariatioae,
1268 4790 1342 4839 crta
1357 4763 1635 4858 mecodynaatirum
1651 4764 1810 4838 invertire(

263 4964 382 5120 UT
408 4963 525 5039 radius
549 4966 595 5038 ad
613 4962 846 5062 quadrantem
876 4964 1049 5061 tangentia
1066 4965 1157 5037 datae
1175 4962 1423 5052 loaodromiae,
1448 4959 1497 5035 ita
1518 4959 1683 5034 evariatae
1698 4957 1860 5036 latitudi-

369 5062 423 5138 nia
445 5063 592 5152 minuta,
618 5066 663 5138 ad
690 5061 851 5136 milliaria
871 5064 980 5138 cruris
996 5059 1291 5158 mecodynamici.
1344 5061 1399 5136 Sit
1415 5061 1513 5170 eqim
1529 5059 1690 5136 distantia
1707 5060 1858 5155 paralle-

262 5164 381 5248 lorum
405 5186 468 5252 oa,
493 5166 531 5236 ie
560 5162 775 5238 minutorum
794 5188 855 5261 32,
880 5182 916 5236 et
929 5164 1079 5264 angulus
1097 5159 1335 5237 inclinationis
1359 5167 1432 5236 iae
1458 5161 1503 5255 56
1522 5186 1595 5261 gra.
1627 5183 1675 5259 15.
1688 5157 1749 5232 scr.
1778 5159 1858 5235 Erit

262 5260 383 5360 itaque
408 5261 445 5336 in
469 5260 646 5362 triangulo
673 5264 879 5362 rellangulo
908 5262 991 5353 loa,
1019 5283 1061 5336 ut
1089 5261 1206 5336 radius
1234 5288 1394 5353 100‚ooo
1416 5262 1460 5335 ad
1489 5278 1696 5358 tangentem
1714 5259 1761 5356 56
1779 5282 1857 5358 gra.

268 5359 421 5535 repeto.
442 5363 618 5538 1132660,
642 5363 694 5441 ita
707 5362 869 5446 evatiatae
892 5361 1088 5536 latitudiqis
1108 5360 1283 5464 segmenti
1305 5386 1353 5439 ae
1379 5357 1555 5452 milliaria,
1580 5384 1660 5459 quae
1683 5356 1761 5434 sont
1777 5381 1859 5453 pars

350 5484 416 5540 οι.
499 5513 512 5542 .
1734 5475 1861 5554 quarta

1636 5706 1865 5908 ‚i—
