4817 6659
431 757 511 833 t54
852 756 1611 813 w·rtaaaaoat>1attar.att

436 934 562 1032 piunt:
602 934 701 1030 quod
728 932 839 1031 ipsum
863 936 1093 1010 accuratiores
1119 934 1264 1009 natium
1292 933 1446 1029 magistri
1471 933 1596 1030 saepiits
1622 932 1762 1022 iterant,
1801 957 1866 1030 pro
1897 950 2021 1009 vento-

435 1059 513 1106 rum
540 1034 637 1105 vario
654 1034 788 1132 impetu
804 1061 815 1118 ;
843 1055 881 1105 ut
907 1035 1104 1129 hujusmodi
1127 1035 1432 1109 observationibus
1453 1035 1562 1129 quam
1578 1034 1745 1129 proxime
1762 1033 1958 1107 divinando
1975 1038 2021 1109 ad

435 1157 560 1205 verum
578 1135 761 1204 accedant.
813 1137 930 1228 Atque
946 1134 994 1206 ita
1010 1158 1054 1206 ex
1071 1137 1202 1231 angulo
1220 1134 1390 1208 consedae
1409 1134 1664 1206 Loxodtomiae
1682 1154 1717 1206 et
1734 1133 1887 1228 ejusdem
1906 1159 2021 1229 quan·

434 1234 543 1316 ritate,
573 1230 691 1324 postea
709 1231 900 1303 latitudinis
925 1254 957 1304 et
983 1234 1212 1329 longitudinis
1236 1234 1394 1305 evariatae
1420 1231 1588 1306 rationem
1616 1230 1752 1305 ineunt.
1806 1232 1915 1303 Tanti
1941 1232 2020 1307 sane

434 1327 544 1403 fuerat
570 1329 894 1403 Loxodromiarum
923 1336 1068 1405 rationes
1097 1334 1225 1415 habere
1258 1334 1347 1406 bend
1378 1330 1581 1425 explicatas.
1633 1330 1859 1426 lngeniosum
1896 1333 2021 1429 utique

434 1450 691 1515 commentum,
716 1432 811 1524 quod
843 1452 958 1500 tamen
976 1432 1141 1504 basianus
1159 1433 1332 1503 duntaxat
1350 1432 1523 1527 processit,
1551 1452 1589 1502 ut
1612 1430 1685 1528 ejus
1714 1432 1914 1504 autumnas
1944 1456 2020 1504 me·

434 1529 580 1602 chanice
603 1529 738 1599 tantalm
767 1528 933 1623 usurpari,
960 1556 1076 1626 neque
1104 1531 1316 1602 accuratiore
1341 1530 1477 1601 calculo
1505 1530 1673 1625 explicari
1697 1531 1886 1624 potuerint.
1941 1534 2019 1604 Nos

425 1626 501 1722 jam
520 1653 643 1699 omnes
668 1624 740 1722 ejus
762 1626 962 1698 affecliones
985 1633 1089 1699 etiim
1108 1631 1278 1717 numeris,
1303 1629 1369 1725 qui
1395 1631 1560 1727 ὀκριζὲςερω
1579 1630 1657 1702 sunt
1673 1630 1895 1726 geometricis
1909 1631 2018 1703 'linea-

433 1728 572 1809 mentis,
601 1725 765 1821 persequi·
781 1728 962 1813 docemus,
990 1750 1070 1822 qttae
1088 1752 1139 1800 res
1156 1731 1365 1825 fingularem
1383 1728 1489 1799 habet
1507 1731 1690 1802 utilitatem
1709 1751 1793 1800 cum
1811 1729 1947 1802 summa
1965 1729 2020 1803 fa·
2066 1753 2077 1770 ‘¹

432 1826 563 1897 cilitate
582 1826 821 1921 -conjunc'lam
873 1825 970 1897 Nam
1007 1826 1210 1898 mechanica
1239 1851 1363 1899 eorum
1393 1828 1509 1921 praxis
1534 1828 1638 1925 juxti
1671 1827 1721 1899 est
1753 1850 1787 1899 et
1811 1829 2002 1923 operosae

428 1927 579 2011 lubrica,
605 1948 685 2021 qttae
712 1923 747 1993 in
772 1923 897 1995 chartis
921 1925 1212 2021 hydrograpbicis
1240 1926 1309 1998 illis
1325 1947 1518 2011 exercetur,
1546 1955 1626 2025 quae
1648 1926 1775 1999 terreni
1792 1929 1889 2025 globi
1914 1932 2022 2004 litum

429 2024 587 2121 nuspiam
616 2025 658 2095 ad
678 2025 835 2093 amolitur
863 2022 993 2109 refert,
1018 2025 1182 2120 quae‘que
1210 2024 1298 2097 adeo
1327 2024 1482 2098 immane
1507 2029 1719 2124 quantumin
1744 2051 1828 2098 vero
1853 2025 2024 2120 abludiig
2058 2049 2077 2116 q

423 2146 468 2196 ut
488 2147 556 2194 non
585 2124 657 2195 tarn
676 2122 877 2193 mirandum
903 2125 1011 2215 quam
1039 2125 1267 2197 necessarium
1286 2126 1324 2196 fit
1342 2124 1402 2197 luc
1420 2129 1647 2202 mechanicen
1665 2124 1764 2198 istam
1782 2127 1859 2199 suos
1875 2129 2016 2202 asseclas

428 2226 465 2298 iu
485 2247 637 2297 errorem
659 2219 930 2296 manifestarium
948 2222 1029 2294 dare
1044 2222 1258 2323 praecipites.
1675 2235 1678 2240 '

908 2521 1371 2596 PROPOSlTIO
1423 2524 1529 2599 XVI.

814 2718 1029 2793 Loxtdromr'a
1055 2720 1143 2793 nulla
1153 2724 1195 2817 se
1219 2725 1371 2800 intrem
1388 2722 1480 2816 polos
1505 2722 1622 2795 imur.

500 2917 891 2994 ONS'ECTARIUM
916 2917 967 2990 est
992 2940 1036 2991 ex
1060 2920 1286 2992 antecedente
1299 2918 1540 3017 propositione
1550 2916 1768 2994 derivatum.
1800 2918 1897 2992 Cum
1915 2921 2014 2996 enim

521 3019 760 3093 loxodromiae
781 3016 895 3089 forma
919 3041 965 3089 cx
990 3021 1135 3114 angulo,
1161 3042 1270 3113 quem
1292 3044 1381 3091 eum
1412 3018 1605 3090 meridiano
1632 3017 1701 3090 loci
1730 3021 2014 3113 comprehendit,

323 3141 379 3266 J
423 3142 496 3194 tota
522 3120 712 3204 censeatur,
748 3138 782 3188 ct
811 3115 850 3188 ei
877 3116 1010 3188 sublati
1044 3116 1269 3189 loxodromia
1298 3117 1449 3211 amplius
1483 3119 1579 3189 nulla
1604 3118 1678 3198 stt„
1700 3118 1853 3189 materiae
1893 3119 2014 3216 vitem
2056 3123 2060 3130 ’

416 3220 554 3295 subibit
573 3218 644 3314 ipse
668 3214 899 3299 meridianus,
926 3239 998 3309 quo
1025 3215 1211 3305 subdudio,
1235 3236 1408 3313 tanquam
1428 3215 1597 3288 cruribus
1621 3217 1741 3315 anguli
1768 3216 1926 3302 sublatis,
1942 3242 2015 3312 att..

424 3324 528 3417 gulus
546 3319 646 3413 plane
675 3316 789 3387 nullus
800 3315 1057 3409 comprehendi
1077 3316 1171 3410 posse
1189 3313 1422 3414 intelligitur3
1449 3335 1489 3386 ut
1510 3313 1558 3387 ita
1575 3316 1805 3388 loxodromiae
1832 3337 1867 3387 et
1894 3341 1949 3389 res
1975 3337 2018 3394 et-
2053 3333 2070 3352 ·’

416 3421 549 3490 titul-us
565 3414 763 3490 concidant.
815 3412 929 3508 Atqui
955 3411 1018 3484 sub
1037 3414 1125 3509 polis
1148 3433 1193 3485 el
1222 3414 1347 3487 mundi
1366 3414 1576 3486 cardinibus
1604 3415 1641 3485 in
1662 3416 1730 3487 hoc
1749 3415 1872 3486 Terrae
1896 3418 2013 3512 globo

418 3518 562 3589 nullum
590 3510 823 3588 meridianum
842 3513 921 3598 esse,
948 3532 982 3583 et
1004 3513 1096 3587 ratio
1122 3534 1156 3584 et
1173 3512 1424 3586 demonstratio
1439 3512 1636 3586 convincit,
1689 3515 1821 3610 Neque
1848 3517 2012 3591 enimin

418 3616 486 3687 illo
503 3636 597 3688 terrae
616 3614 748 3710 poncio
774 3613 864 3683 stdus
883 3610 1007 3700 ullum,
1032 3635 1092 3684 aut
1113 3611 1199 3686 coeli
1218 3614 1471 3710 quodcunque
1495 3606 1594 3685 aliud
1621 3612 1807 3686 immobile
1835 3615 2012 3709 poncium

419 3715 482 3786 uel
510 3714 620 3787 oritur
639 3714 695 3784 vel
719 3710 876 3784 occidite
904 3711 996 3782 unde
1026 3712 1208 3783 meridiani
1237 3712 1334 3785 notio
1358 3712 1469 3784 solitm
1487 3709 1675 3800 derivatur,
1701 3713 2011 3809 quemadmodum

422 3813 576 3887 nominis
593 3810 753 3884 definitio
775 3808 924 3906 :arguit3
950 3809 1011 3905 qui
1038 3810 1085 3882 ita
1115 3811 1250 3884 Latinis
1277 3809 1503 3896 meridianus,
1528 3812 1662 3883 Graecis
1688 3814 1886 3909 μισήμὲςινος,
1911 3817 2011 3910 quali

422 3912 645 3984 mediclianus
675 3912 934 4001 autprnpiputr
959 3907 1178 4005 indigitatut,
1214 3910 1316 4007 quod
1343 3907 1490 4003 spatium
1517 3912 1687 4003 temporis
1715 3910 1804 3982 inter
1831 3931 1948 3984 ortum
1974 3933 2012 3987 ct

421 4009 573 4106 ejusdem
597 4007 716 4105 poncii
734 4007 894 4081 occasum
921 4007 1077 4080 medium
1096 4008 1196 4081 secet.
1247 4009 1356 4108 Qiod
1374 4028 1492 4080 autem
1509 4007 1530 4079 d
1548 4006 1627 4079 solis
1644 4008 1779 4081 tantum
1797 4030 1875 4082 ortu
1893 4031 1927 4082 et
1944 4035 2009 4086 oc·

413 4109 500 4183 -casu
516 4108 726 4184 meridianus
743 4107 894 4192 dicatur,
904 4104 949 4179 id
965 4106 1100 4180 tanturn
1121 4108 1167 4180 ab
1184 4103 1247 4180 usu
1265 4108 1414 4207 potiore,
1442 4126 1476 4180 et
1491 4111 1639 4203 φαινομένῳ
1655 4107 1690 4180 in
1707 4105 1870 4182 omnium
1886 4112 2009 4187 oculor

413 4207 630 4296 incurrente,
652 4207 704 4283 est
719 4206 930 4281 derivatum.

618 4398 764 4418 ...-
785 4354 996 4427 Martiarum
1010 4356 1065 4451 sol
1087 4354 1251 4445 alrifflmus
1276 4353 1351 4426 orbe

620 4457 762 4527 Tantam
779 4458 937 4551 respicio,
962 4468 1112 4550 quantum
1124 4455 1283 4550 strpereffl
1305 4451 1447 4525 videbit.

472 4606 520 4678 Et
544 4605 567 4675 st
584 4603 661 4675 'hoc
680 4600 752 4673 illic
779 4602 899 4673 locum
923 4620 1065 4694 quoque
1082 4599 1220 4683 habeat,
1239 4599 1315 4693 jam
1338 4597 1416 4671 istic
1434 4593 1619 4670 meridiani
1635 4609 1740 4670 erunt
1757 4597 1905 4673 omnino
1927 4626 2009 4675 mtr-

411 4703 542 4780 ,ubiles
559 4724 591 4774 et
608 4700 839 4781 ambulatorii,
867 4718 975 4792 atque
993 4698 1183 4793 quotannis
1204 4696 1319 4784 varii,
1344 4720 1429 4770 cum
1452 4696 1501 4771 sol
1527 4694 1630 4768 uobis
1658 4694 1719 4767 luc
1737 4695 1847 4770 modb
1870 4699 1908 4771 in
1925 4704 2009 4776 coeli

420 4801 555 4889 medio,
583 4802 661 4872 inde
691 4801 726 4871 iu
754 4794 1011 4884 ortu,t'i1min
1038 4793 1406 4884 coelilmaaliasin
1435 4793 1587 4880 occasur
1621 4795 1779 4892 denique
1806 4796 1943 4894 semper
1969 4803 2007 4876 in

420 4902 496 4972 aliis
513 4920 616 4996 atque
632 4900 705 4972 aliis
733 4900 817 4971 locis
841 4895 875 4966 in
899 4894 1156 4991 aequinosiialia
1182 4896 1316 4992 puucia
1338 4894 1567 4994 ingrediatur.
1616 4900 1739 4991 Atque
1763 4894 1826 4985 ita,
1854 4923 1922 4995 pro
1938 4903 2007 4974 hic

419 5021 478 5071 aut
509 4998 565 5071 illa
597 4998 797 5084 bisettione,
818 4993 1002 5068 meridiani
1025 4993 1146 5068 circuli
1172 4996 1252 5068 satra
1278 4993 1592 5076 eritiuconstanaa
1630 5017 1884 5091 nonnunquam
1909 4999 2007 5072 enirn
2040 5039 2042 5043 >

419 5097 488 5171 illis
505 5097 715 5170 meridianus
732 5096 811 5167 esset
831 5094 923 5166 idem
943 5093 1003 5188 qui
1022 5094 1147 5166 nobis:
1174 5096 1366 5191 aliquando
1383 5095 1442 5167 ille
1458 5092 1611 5167 circadas
1619 5091 1792 5181 boraritaa,
1820 5094 1883 5192 qui
1902 5097 2007 5171 nobis

419 5199 541 5269 boram
569 5199 699 5270 sextam
724 5193 931 5267 matutinam
962 5194 1096 5288 fignat:
1122 5192 1206 5265 aliae
1225 5193 1331 5288 aliua,
1353 5214 1391 5265 et
1418 5190 1554 5287 semper
1579 5193 1707 5264 vatius.
1758 5195 2007 5291 Quamobrem

418 5321 501 5368 curn
532 5294 590 5366 lric
608 5298 723 5367 nullus
740 5291 952 5365 meridianus
982 5292 1106 5376 detur;
1133 5289 1240 5364 etiam
1269 5292 1486 5380 affectiones,
1511 5313 1592 5387 quae
1616 5291 1677 5386 ipsi
1706 5294 1848 5366 attribui
1879 5296 2006 5387 solent,

417 5395 517 5470 simil
548 5420 629 5469 cum
649 5394 721 5491 ipso
743 5389 961 5466 evanescent.
1010 5391 1061 5463 Et
1084 5394 1271 5489 propterea
1299 5388 1523 5468 loxodrotnia
1543 5395 1645 5488 (qua
1672 5392 1695 5467 a
1721 5392 1873 5468 sectione
1898 5396 2006 5566 qtieta}

1174 5541 1179 5548 ·
1945 5519 2004 5569 ant
