<?xml version="1.0" encoding="UTF-8"?>
<!DOCTYPE html PUBLIC "-//W3C//DTD XHTML 1.0 Transitional//EN"
    "http://www.w3.org/TR/xhtml1/DTD/xhtml1-transitional.dtd">
<html xmlns="http://www.w3.org/1999/xhtml" xml:lang="en" lang="en">
 <head>
  <title>
</title>
<meta http-equiv="Content-Type" content="text/html;charset=utf-8" />
  <meta name='ocr-system' content='tesseract 3.04.00' />
  <meta name='ocr-capabilities' content='ocr_page ocr_carea ocr_par ocr_line ocrx_word'/>
</head>
<body>
  <div class='ocr_page' id='page_1' title='image "./tiphysbatavussi00snelgoog_0084.png"; bbox 0 0 4817 6659; ppageno 0'>
   <div class='ocr_carea' id='block_1_1' title="bbox 837 764 1612 819">
    <p class='ocr_par' dir='ltr' id='par_1_1' title="bbox 837 764 1612 819">
     <span class='ocr_line' id='line_1_1' title="bbox 837 764 1612 819; baseline 0.001 -2"><span class='ocrx_word' id='word_1_1' title='bbox 837 764 1286 819; x_wconf 73' lang='lat' dir='ltr'>wieeanaoant</span> <span class='ocrx_word' id='word_1_2' title='bbox 1342 765 1612 818; x_wconf 47' lang='lat' dir='ltr'>abacista</span> 
     </span>
    </p>
   </div>
   <div class='ocr_carea' id='block_1_2' title="bbox 922 1125 1520 1201">
    <p class='ocr_par' dir='ltr' id='par_1_2' title="bbox 922 1125 1520 1201">
     <span class='ocr_line' id='line_1_2' title="bbox 922 1125 1520 1201; baseline -0.01 0"><span class='ocrx_word' id='word_1_3' title='bbox 922 1125 1381 1201; x_wconf 84' lang='lat' dir='ltr'>PROPOSITIO</span> <span class='ocrx_word' id='word_1_4' title='bbox 1435 1125 1520 1197; x_wconf 86' lang='lat' dir='ltr'>XV.</span> 
     </span>
    </p>
   </div>
   <div class='ocr_carea' id='block_1_3' title="bbox 475 1323 1978 1542">
    <p class='ocr_par' dir='ltr' id='par_1_3' title="bbox 475 1323 1978 1542">
     <span class='ocr_line' id='line_1_3' title="bbox 475 1323 1978 1425; baseline 0.001 -26"><span class='ocrx_word' id='word_1_5' title='bbox 475 1328 513 1399; x_wconf 84' lang='lat' dir='ltr'>Si</span> <span class='ocrx_word' id='word_1_6' title='bbox 535 1329 568 1398; x_wconf 87' lang='lat' dir='ltr'>in</span> <span class='ocrx_word' id='word_1_7' title='bbox 586 1331 676 1423; x_wconf 83' lang='lat' dir='ltr'>tirrsir</span> <span class='ocrx_word' id='word_1_8' title='bbox 693 1328 852 1420; x_wconf 71' lang='lat' dir='ltr'>compaſsio</span> <span class='ocrx_word' id='word_1_9' title='bbox 870 1327 1024 1418; x_wconf 77' lang='lat' dir='ltr'>aestimiira</span> <span class='ocrx_word' id='word_1_10' title='bbox 1040 1324 1175 1395; x_wconf 82' lang='lat' dir='ltr'>latitudo</span> <span class='ocrx_word' id='word_1_11' title='bbox 1192 1324 1236 1398; x_wconf 76' lang='lat' dir='ltr'>al</span> <span class='ocrx_word' id='word_1_12' title='bbox 1251 1325 1425 1414; x_wconf 75' lang='lat' dir='ltr'>alisirvald</span> <span class='ocrx_word' id='word_1_13' title='bbox 1443 1323 1606 1419; x_wconf 60' lang='lat' dir='ltr'>discrepet,</span> <span class='ocrx_word' id='word_1_14' title='bbox 1630 1327 1754 1397; x_wconf 72' lang='lat' dir='ltr'>reunia</span> <span class='ocrx_word' id='word_1_15' title='bbox 1768 1325 1978 1425; x_wconf 77' lang='lat' dir='ltr'><em>longitudinis</em></span> 
     </span>
     <span class='ocr_line' id='line_1_4' title="bbox 659 1446 1793 1542; baseline -0.005 -17"><span class='ocrx_word' id='word_1_16' title='bbox 659 1454 862 1525; x_wconf 60' lang='lat' dir='ltr'>aporiatione</span> <span class='ocrx_word' id='word_1_17' title='bbox 885 1449 1086 1522; x_wconf 84' lang='lat' dir='ltr'>latitudinem</span> <span class='ocrx_word' id='word_1_18' title='bbox 1112 1452 1145 1518; x_wconf 89' lang='lat' dir='ltr'>in</span> <span class='ocrx_word' id='word_1_19' title='bbox 1170 1450 1368 1542; x_wconf 70' lang='lat' dir='ltr'>asservamus</span> <span class='ocrx_word' id='word_1_20' title='bbox 1390 1446 1581 1542; x_wconf 71' lang='lat' dir='ltr'><em>parallelum</em></span> <span class='ocrx_word' id='word_1_21' title='bbox 1606 1451 1793 1542; x_wconf 76' lang='lat' dir='ltr'><em>transferes.</em></span> 
     </span>
    </p>
   </div>
   <div class='ocr_carea' id='block_1_4' title="bbox 420 1644 2115 5564">
    <p class='ocr_par' dir='ltr' id='par_1_4' title="bbox 486 1644 2037 1846">
     <span class='ocr_line' id='line_1_5' title="bbox 486 1644 2029 1745; baseline 0.001 -25"><span class='ocrx_word' id='word_1_22' title='bbox 486 1649 731 1721; x_wconf 86' lang='lat' dir='ltr'>lMPLlCES</span> <span class='ocrx_word' id='word_1_23' title='bbox 755 1649 871 1721; x_wconf 86' lang='lat' dir='ltr'>cursus</span> <span class='ocrx_word' id='word_1_24' title='bbox 894 1647 967 1719; x_wconf 88' lang='lat' dir='ltr'>suas</span> <span class='ocrx_word' id='word_1_25' title='bbox 994 1648 1191 1720; x_wconf 87' lang='lat' dir='ltr'>habuerunt</span> <span class='ocrx_word' id='word_1_26' title='bbox 1216 1650 1323 1745; x_wconf 84' lang='lat' dir='ltr'>leges,</span> <span class='ocrx_word' id='word_1_27' title='bbox 1349 1644 1543 1717; x_wconf 76' lang='lat' dir='ltr'>secundum</span> <span class='ocrx_word' id='word_1_28' title='bbox 1563 1670 1649 1740; x_wconf 89' lang='lat' dir='ltr'>quas</span> <span class='ocrx_word' id='word_1_29' title='bbox 1678 1645 1760 1744; x_wconf 80' lang='lat' dir='ltr'>ipsae</span> <span class='ocrx_word' id='word_1_30' title='bbox 1786 1649 1830 1721; x_wconf 90' lang='lat' dir='ltr'>ad</span> <span class='ocrx_word' id='word_1_31' title='bbox 1858 1649 2029 1723; x_wconf 88' lang='lat' dir='ltr'>observa-</span> 
     </span>
     <span class='ocr_line' id='line_1_6' title="bbox 510 1748 2037 1846; baseline 0.004 -25"><span class='ocrx_word' id='word_1_32' title='bbox 510 1750 621 1822; x_wconf 87' lang='lat' dir='ltr'>tiones</span> <span class='ocrx_word' id='word_1_33' title='bbox 650 1752 696 1821; x_wconf 85' lang='lat' dir='ltr'>de</span> <span class='ocrx_word' id='word_1_34' title='bbox 725 1752 817 1821; x_wconf 87' lang='lat' dir='ltr'>coelo</span> <span class='ocrx_word' id='word_1_35' title='bbox 847 1748 952 1822; x_wconf 72' lang='lat' dir='ltr'>sadas</span> <span class='ocrx_word' id='word_1_36' title='bbox 984 1772 1197 1846; x_wconf 79' lang='lat' dir='ltr'>regerentur,</span> <span class='ocrx_word' id='word_1_37' title='bbox 1226 1768 1259 1818; x_wconf 90' lang='lat' dir='ltr'>et</span> <span class='ocrx_word' id='word_1_38' title='bbox 1288 1748 1468 1818; x_wconf 74' lang='lat' dir='ltr'>nonnullae</span> <span class='ocrx_word' id='word_1_39' title='bbox 1492 1769 1628 1832; x_wconf 88' lang='lat' dir='ltr'>earum,</span> <span class='ocrx_word' id='word_1_40' title='bbox 1659 1751 1679 1817; x_wconf 93' lang='lat' dir='ltr'>si</span> <span class='ocrx_word' id='word_1_41' title='bbox 1708 1748 1816 1821; x_wconf 87' lang='lat' dir='ltr'>nimia</span> <span class='ocrx_word' id='word_1_42' title='bbox 1835 1751 2037 1827; x_wconf 73' lang='lat' dir='ltr'>enormitas</span> 
     </span>
    </p>

    <p class='ocr_par' dir='ltr' id='par_1_5' title="bbox 420 1845 2115 3825">
     <span class='ocr_line' id='line_1_7' title="bbox 426 1845 2027 1947; baseline 0.001 -25"><span class='ocrx_word' id='word_1_43' title='bbox 426 1847 606 1935; x_wconf 78' lang='lat' dir='ltr'>incideret,</span> <span class='ocrx_word' id='word_1_44' title='bbox 624 1851 908 1922; x_wconf 81' lang='lat' dir='ltr'>emendarentur.</span> <span class='ocrx_word' id='word_1_45' title='bbox 951 1849 990 1918; x_wconf 92' lang='lat' dir='ltr'>lii</span> <span class='ocrx_word' id='word_1_46' title='bbox 1008 1848 1209 1945; x_wconf 87' lang='lat' dir='ltr'>compositis</span> <span class='ocrx_word' id='word_1_47' title='bbox 1227 1848 1344 1919; x_wconf 76' lang='lat' dir='ltr'>autim</span> <span class='ocrx_word' id='word_1_48' title='bbox 1363 1847 1518 1919; x_wconf 84' lang='lat' dir='ltr'>cursibus</span> <span class='ocrx_word' id='word_1_49' title='bbox 1535 1845 1713 1919; x_wconf 89' lang='lat' dir='ltr'>difficilior</span> <span class='ocrx_word' id='word_1_50' title='bbox 1731 1849 1883 1947; x_wconf 89' lang='lat' dir='ltr'>singulos</span> <span class='ocrx_word' id='word_1_51' title='bbox 1902 1876 2027 1926; x_wconf 90' lang='lat' dir='ltr'>emen-</span> 
     </span>
     <span class='ocr_line' id='line_1_8' title="bbox 424 1946 2115 2047; baseline 0.002 -25"><span class='ocrx_word' id='word_1_52' title='bbox 424 1952 533 2024; x_wconf 89' lang='lat' dir='ltr'>dandi</span> <span class='ocrx_word' id='word_1_53' title='bbox 551 1949 600 2022; x_wconf 88' lang='lat' dir='ltr'>est</span> <span class='ocrx_word' id='word_1_54' title='bbox 618 1948 720 2038; x_wconf 85' lang='lat' dir='ltr'>ratio,</span> <span class='ocrx_word' id='word_1_55' title='bbox 747 1970 781 2022; x_wconf 89' lang='lat' dir='ltr'>et</span> <span class='ocrx_word' id='word_1_56' title='bbox 799 1949 913 2047; x_wconf 84' lang='lat' dir='ltr'>magis</span> <span class='ocrx_word' id='word_1_57' title='bbox 930 1947 1111 2021; x_wconf 85' lang='lat' dir='ltr'>intricata:</span> <span class='ocrx_word' id='word_1_58' title='bbox 1139 1974 1217 2020; x_wconf 87' lang='lat' dir='ltr'>eam</span> <span class='ocrx_word' id='word_1_59' title='bbox 1236 1950 1354 2043; x_wconf 90' lang='lat' dir='ltr'>itaque</span> <span class='ocrx_word' id='word_1_60' title='bbox 1381 1949 1429 2019; x_wconf 93' lang='lat' dir='ltr'>ob</span> <span class='ocrx_word' id='word_1_61' title='bbox 1455 1973 1543 2031; x_wconf 84' lang='lat' dir='ltr'>rem,</span> <span class='ocrx_word' id='word_1_62' title='bbox 1570 1946 1630 2017; x_wconf 89' lang='lat' dir='ltr'>nist</span> <span class='ocrx_word' id='word_1_63' title='bbox 1659 1948 1727 2020; x_wconf 91' lang='lat' dir='ltr'>alia</span> <span class='ocrx_word' id='word_1_64' title='bbox 1752 1949 1896 2021; x_wconf 86' lang='lat' dir='ltr'>evidens</span> <span class='ocrx_word' id='word_1_65' title='bbox 1922 1952 2029 2026; x_wconf 86' lang='lat' dir='ltr'>causa</span> <span class='ocrx_word' id='word_1_66' title='bbox 2111 1973 2115 1980; x_wconf 90' lang='lat'>&#39;</span> 
     </span>
     <span class='ocr_line' id='line_1_9' title="bbox 424 2045 2114 2146; baseline 0.004 -24"><span class='ocrx_word' id='word_1_67' title='bbox 424 2050 524 2124; x_wconf 68' lang='lat' dir='ltr'>aliter</span> <span class='ocrx_word' id='word_1_68' title='bbox 541 2049 695 2135; x_wconf 85' lang='lat' dir='ltr'>suadeat,</span> <span class='ocrx_word' id='word_1_69' title='bbox 719 2059 848 2146; x_wconf 89' lang='lat' dir='ltr'>(quam</span> <span class='ocrx_word' id='word_1_70' title='bbox 881 2048 1029 2145; x_wconf 89' lang='lat' dir='ltr'>quidem</span> <span class='ocrx_word' id='word_1_71' title='bbox 1049 2073 1112 2120; x_wconf 89' lang='lat' dir='ltr'>nos</span> <span class='ocrx_word' id='word_1_72' title='bbox 1135 2048 1251 2145; x_wconf 76' lang='lat' dir='ltr'>postea</span> <span class='ocrx_word' id='word_1_73' title='bbox 1280 2052 1535 2141; x_wconf 86' lang='lat' dir='ltr'>exponemus,)</span> <span class='ocrx_word' id='word_1_74' title='bbox 1563 2045 1794 2144; x_wconf 84' lang='lat' dir='ltr'>longitudinis</span> <span class='ocrx_word' id='word_1_75' title='bbox 1812 2049 2029 2128; x_wconf 87' lang='lat' dir='ltr'>evariatione</span> <span class='ocrx_word' id='word_1_76' title='bbox 2110 2129 2114 2136; x_wconf 80' lang='grc'>,</span> 
     </span>
     <span class='ocr_line' id='line_1_10' title="bbox 425 2146 2028 2250; baseline 0.004 -28"><span class='ocrx_word' id='word_1_77' title='bbox 425 2152 574 2236; x_wconf 75' lang='lat' dir='ltr'>retenti,</span> <span class='ocrx_word' id='word_1_78' title='bbox 603 2148 798 2222; x_wconf 87' lang='lat' dir='ltr'>latitudinis</span> <span class='ocrx_word' id='word_1_79' title='bbox 815 2148 1016 2222; x_wconf 60' lang='lat' dir='ltr'>differentis</span> <span class='ocrx_word' id='word_1_80' title='bbox 1043 2147 1133 2220; x_wconf 88' lang='lat' dir='ltr'>inter</span> <span class='ocrx_word' id='word_1_81' title='bbox 1149 2146 1413 2244; x_wconf 72' lang='lat' dir='ltr'>conjeslaneim</span> <span class='ocrx_word' id='word_1_82' title='bbox 1438 2168 1472 2219; x_wconf 90' lang='lat' dir='ltr'>et</span> <span class='ocrx_word' id='word_1_83' title='bbox 1498 2146 1716 2220; x_wconf 78' lang='lat' dir='ltr'>observatam</span> <span class='ocrx_word' id='word_1_84' title='bbox 1746 2148 1952 2250; x_wconf 73' lang='lat' dir='ltr'>posthabiti,</span> <span class='ocrx_word' id='word_1_85' title='bbox 1978 2155 2028 2228; x_wconf 87' lang='lat' dir='ltr'>ad</span> 
     </span>
     <span class='ocr_line' id='line_1_11' title="bbox 424 2248 2115 2348; baseline 0.003 -26"><span class='ocrx_word' id='word_1_86' title='bbox 424 2249 648 2323; x_wconf 84' lang='lat' dir='ltr'>observatum</span> <span class='ocrx_word' id='word_1_87' title='bbox 667 2250 712 2321; x_wconf 89' lang='lat' dir='ltr'>de</span> <span class='ocrx_word' id='word_1_88' title='bbox 731 2249 823 2322; x_wconf 88' lang='lat' dir='ltr'>coelo</span> <span class='ocrx_word' id='word_1_89' title='bbox 843 2249 1046 2344; x_wconf 80' lang='lat' dir='ltr'>parallelum</span> <span class='ocrx_word' id='word_1_90' title='bbox 1074 2249 1306 2320; x_wconf 86' lang='lat' dir='ltr'>transibimus.</span> <span class='ocrx_word' id='word_1_91' title='bbox 1360 2248 1432 2320; x_wconf 89' lang='lat' dir='ltr'>Res</span> <span class='ocrx_word' id='word_1_92' title='bbox 1463 2249 1574 2343; x_wconf 88' lang='lat' dir='ltr'>posito</span> <span class='ocrx_word' id='word_1_93' title='bbox 1603 2252 1773 2345; x_wconf 83' lang='lat' dir='ltr'>exemplo</span> <span class='ocrx_word' id='word_1_94' title='bbox 1799 2251 1857 2321; x_wconf 90' lang='lat' dir='ltr'>fiet</span> <span class='ocrx_word' id='word_1_95' title='bbox 1883 2250 2040 2348; x_wconf 65' lang='lat' dir='ltr'>clarior.t</span> <span class='ocrx_word' id='word_1_96' title='bbox 2060 2251 2115 2338; x_wconf 80' lang='grc' dir='ltr'>,’ῑ</span> 
     </span>
     <span class='ocr_line' id='line_1_12' title="bbox 427 2345 2070 2450; baseline 0.003 -29"><span class='ocrx_word' id='word_1_97' title='bbox 427 2349 505 2422; x_wconf 87' lang='lat' dir='ltr'>Sint</span> <span class='ocrx_word' id='word_1_98' title='bbox 524 2348 621 2423; x_wconf 90' lang='lat' dir='ltr'>eniiii</span> <span class='ocrx_word' id='word_1_99' title='bbox 640 2349 758 2422; x_wconf 88' lang='lat' dir='ltr'>curlus</span> <span class='ocrx_word' id='word_1_100' title='bbox 777 2349 885 2422; x_wconf 87' lang='lat' dir='ltr'>iidem</span> <span class='ocrx_word' id='word_1_101' title='bbox 906 2347 968 2443; x_wconf 92' lang='lat' dir='ltr'>qui</span> <span class='ocrx_word' id='word_1_102' title='bbox 985 2346 1087 2442; x_wconf 79' lang='lat' dir='ltr'>suprii</span> <span class='ocrx_word' id='word_1_103' title='bbox 1105 2347 1342 2446; x_wconf 80' lang='lat' dir='ltr'>propositione</span> <span class='ocrx_word' id='word_1_104' title='bbox 1364 2369 1406 2419; x_wconf 86' lang='lat'>12</span> <span class='ocrx_word' id='word_1_105' title='bbox 1424 2345 1501 2419; x_wconf 92' lang='lat' dir='ltr'>sunt</span> <span class='ocrx_word' id='word_1_106' title='bbox 1518 2348 1675 2443; x_wconf 84' lang='lat' dir='ltr'>expressi,</span> <span class='ocrx_word' id='word_1_107' title='bbox 1696 2351 1716 2422; x_wconf 74' lang='lat' dir='ltr'>a</span> <span class='ocrx_word' id='word_1_108' title='bbox 1735 2348 1848 2424; x_wconf 86' lang='lat' dir='ltr'>Mosae</span> <span class='ocrx_word' id='word_1_109' title='bbox 1864 2350 2034 2450; x_wconf 33' lang='lat' dir='ltr'>fluminis,</span> <span class='ocrx_word' id='word_1_110' title='bbox 2051 2357 2070 2410; x_wconf 85' lang='grc'>·-’</span> 
     </span>
     <span class='ocr_line' id='line_1_13' title="bbox 424 2447 2028 2547; baseline 0.001 -24"><span class='ocrx_word' id='word_1_111' title='bbox 424 2449 514 2524; x_wconf 92' lang='lat' dir='ltr'>ostio</span> <span class='ocrx_word' id='word_1_112' title='bbox 532 2450 595 2522; x_wconf 92' lang='lat' dir='ltr'>sub</span> <span class='ocrx_word' id='word_1_113' title='bbox 615 2451 782 2546; x_wconf 87' lang='lat' dir='ltr'>parallelo</span> <span class='ocrx_word' id='word_1_114' title='bbox 800 2449 1096 2547; x_wconf 88' lang='lat' dir='ltr'>quinquagesimo</span> <span class='ocrx_word' id='word_1_115' title='bbox 1121 2449 1166 2520; x_wconf 90' lang='lat' dir='ltr'>ad</span> <span class='ocrx_word' id='word_1_116' title='bbox 1196 2447 1404 2522; x_wconf 87' lang='lat' dir='ltr'>acroteiiuin</span> <span class='ocrx_word' id='word_1_117' title='bbox 1431 2447 1614 2541; x_wconf 85' lang='lat' dir='ltr'>Hispaniae</span> <span class='ocrx_word' id='word_1_118' title='bbox 1638 2450 1725 2520; x_wconf 83' lang='lat' dir='ltr'>Calo</span> <span class='ocrx_word' id='word_1_119' title='bbox 1739 2449 1818 2537; x_wconf 85' lang='lat' dir='ltr'>fiiis</span> <span class='ocrx_word' id='word_1_120' title='bbox 1834 2467 1931 2524; x_wconf 81' lang='lat' dir='ltr'>terrae</span> <span class='ocrx_word' id='word_1_121' title='bbox 1945 2452 2028 2526; x_wconf 89' lang='lat' dir='ltr'>dic-&#39;</span> 
     </span>
     <span class='ocr_line' id='line_1_14' title="bbox 423 2543 2115 2650; baseline 0.003 -28"><span class='ocrx_word' id='word_1_122' title='bbox 423 2571 525 2634; x_wconf 87' lang='lat' dir='ltr'>tiim;</span> <span class='ocrx_word' id='word_1_123' title='bbox 545 2570 651 2645; x_wconf 86' lang='lat' dir='ltr'>atque</span> <span class='ocrx_word' id='word_1_124' title='bbox 669 2550 743 2621; x_wconf 86' lang='lat' dir='ltr'>illic</span> <span class='ocrx_word' id='word_1_125' title='bbox 761 2550 805 2621; x_wconf 88' lang='lat' dir='ltr'>de</span> <span class='ocrx_word' id='word_1_126' title='bbox 822 2550 915 2622; x_wconf 87' lang='lat' dir='ltr'>coelo</span> <span class='ocrx_word' id='word_1_127' title='bbox 933 2549 970 2619; x_wconf 87' lang='lat' dir='ltr'>sit</span> <span class='ocrx_word' id='word_1_128' title='bbox 987 2548 1224 2637; x_wconf 85' lang='lat' dir='ltr'>observatum,</span> <span class='ocrx_word' id='word_1_129' title='bbox 1238 2568 1272 2621; x_wconf 89' lang='lat' dir='ltr'>et</span> <span class='ocrx_word' id='word_1_130' title='bbox 1288 2547 1436 2620; x_wconf 87' lang='lat' dir='ltr'>latitudo</span> <span class='ocrx_word' id='word_1_131' title='bbox 1456 2547 1599 2619; x_wconf 88' lang='lat' dir='ltr'>inventa</span> <span class='ocrx_word' id='word_1_132' title='bbox 1616 2571 1664 2638; x_wconf 81' lang='lat'>42</span> <span class='ocrx_word' id='word_1_133' title='bbox 1679 2574 1731 2646; x_wconf 84' lang='lat' dir='ltr'>gr.</span> <span class='ocrx_word' id='word_1_134' title='bbox 1750 2575 1794 2639; x_wconf 86' lang='lat'>42</span> <span class='ocrx_word' id='word_1_135' title='bbox 1811 2552 1876 2624; x_wconf 90' lang='lat' dir='ltr'>sci.</span> <span class='ocrx_word' id='word_1_136' title='bbox 1904 2552 2027 2648; x_wconf 84' lang='lat' dir='ltr'>Atqui</span> <span class='ocrx_word' id='word_1_137' title='bbox 2083 2543 2115 2650; x_wconf 25' lang='grc' dir='ltr'>,ἶ</span> 
     </span>
     <span class='ocr_line' id='line_1_15' title="bbox 425 2646 2026 2745; baseline 0.001 -20"><span class='ocrx_word' id='word_1_138' title='bbox 425 2651 445 2725; x_wconf 77' lang='grc' dir='ltr'>ὲ</span> <span class='ocrx_word' id='word_1_139' title='bbox 466 2647 697 2722; x_wconf 80' lang='lat' dir='ltr'>loxoilrorniis</span> <span class='ocrx_word' id='word_1_140' title='bbox 717 2670 751 2721; x_wconf 89' lang='lat' dir='ltr'>et</span> <span class='ocrx_word' id='word_1_141' title='bbox 769 2649 901 2722; x_wconf 90' lang='lat' dir='ltr'>itineris</span> <span class='ocrx_word' id='word_1_142' title='bbox 920 2647 1050 2720; x_wconf 89' lang='lat' dir='ltr'>ratione</span> <span class='ocrx_word' id='word_1_143' title='bbox 1067 2670 1148 2722; x_wconf 88' lang='lat' dir='ltr'>ante</span> <span class='ocrx_word' id='word_1_144' title='bbox 1163 2651 1267 2722; x_wconf 88' lang='lat' dir='ltr'>datur</span> <span class='ocrx_word' id='word_1_145' title='bbox 1285 2647 1388 2728; x_wconf 89' lang='lat' dir='ltr'>nobis</span> <span class='ocrx_word' id='word_1_146' title='bbox 1410 2646 1562 2720; x_wconf 90' lang='lat' dir='ltr'>latitudo</span> <span class='ocrx_word' id='word_1_147' title='bbox 1579 2672 1628 2738; x_wconf 90' lang='lat'>40</span> <span class='ocrx_word' id='word_1_148' title='bbox 1647 2673 1700 2745; x_wconf 88' lang='lat' dir='ltr'>gr.</span> <span class='ocrx_word' id='word_1_149' title='bbox 1721 2672 1764 2745; x_wconf 84' lang='lat'>55</span> <span class='ocrx_word' id='word_1_150' title='bbox 1781 2647 1845 2721; x_wconf 87' lang='lat' dir='ltr'>scr.</span> <span class='ocrx_word' id='word_1_151' title='bbox 1865 2672 1904 2724; x_wconf 94' lang='lat' dir='ltr'>ut</span> <span class='ocrx_word' id='word_1_152' title='bbox 1918 2653 2026 2727; x_wconf 87' lang='lat' dir='ltr'>diffe-</span> 
     </span>
     <span class='ocr_line' id='line_1_16' title="bbox 423 2748 2027 2847; baseline 0.002 -24"><span class='ocrx_word' id='word_1_153' title='bbox 423 2750 538 2823; x_wconf 86' lang='lat' dir='ltr'>rentia</span> <span class='ocrx_word' id='word_1_154' title='bbox 556 2748 644 2821; x_wconf 90' lang='lat' dir='ltr'>inter</span> <span class='ocrx_word' id='word_1_155' title='bbox 662 2750 756 2821; x_wconf 87' lang='lat' dir='ltr'>illam</span> <span class='ocrx_word' id='word_1_156' title='bbox 774 2772 808 2822; x_wconf 87' lang='lat' dir='ltr'>et</span> <span class='ocrx_word' id='word_1_157' title='bbox 827 2753 917 2823; x_wconf 89' lang='lat' dir='ltr'>hanc</span> <span class='ocrx_word' id='word_1_158' title='bbox 937 2754 975 2819; x_wconf 86' lang='lat' dir='ltr'>sit</span> <span class='ocrx_word' id='word_1_159' title='bbox 994 2772 1007 2822; x_wconf 89' lang='lat'>1</span> <span class='ocrx_word' id='word_1_160' title='bbox 1026 2751 1154 2847; x_wconf 87' lang='lat' dir='ltr'>gradus</span> <span class='ocrx_word' id='word_1_161' title='bbox 1169 2769 1202 2823; x_wconf 89' lang='lat' dir='ltr'>et</span> <span class='ocrx_word' id='word_1_162' title='bbox 1220 2774 1266 2846; x_wconf 88' lang='lat'>47</span> <span class='ocrx_word' id='word_1_163' title='bbox 1284 2748 1469 2843; x_wconf 83' lang='lat' dir='ltr'>scrupula3</span> <span class='ocrx_word' id='word_1_164' title='bbox 1497 2772 1604 2844; x_wconf 92' lang='lat' dir='ltr'>quam</span> <span class='ocrx_word' id='word_1_165' title='bbox 1624 2749 1925 2825; x_wconf 86' lang='lat' dir='ltr'>loxodromiarum</span> <span class='ocrx_word' id='word_1_166' title='bbox 1943 2754 2027 2826; x_wconf 90' lang='lat' dir='ltr'>hal·</span> 
     </span>
     <span class='ocr_line' id='line_1_17' title="bbox 423 2846 2027 2945; baseline 0.004 -24"><span class='ocrx_word' id='word_1_167' title='bbox 423 2849 628 2922; x_wconf 87' lang='lat' dir='ltr'>lucinationi</span> <span class='ocrx_word' id='word_1_168' title='bbox 648 2850 815 2932; x_wconf 80' lang='lat' dir='ltr'>tribuam,</span> <span class='ocrx_word' id='word_1_169' title='bbox 831 2870 869 2922; x_wconf 92' lang='lat' dir='ltr'>ut</span> <span class='ocrx_word' id='word_1_170' title='bbox 888 2850 1027 2922; x_wconf 89' lang='lat' dir='ltr'>illarum</span> <span class='ocrx_word' id='word_1_171' title='bbox 1041 2849 1284 2923; x_wconf 85' lang='lat' dir='ltr'>inclinationes</span> <span class='ocrx_word' id='word_1_172' title='bbox 1301 2850 1383 2922; x_wconf 84' lang='lat' dir='ltr'>alias</span> <span class='ocrx_word' id='word_1_173' title='bbox 1399 2850 1515 2921; x_wconf 71' lang='lat' dir='ltr'>reveri</span> <span class='ocrx_word' id='word_1_174' title='bbox 1533 2846 1632 2920; x_wconf 79' lang='lat' dir='ltr'>fuisse</span> <span class='ocrx_word' id='word_1_175' title='bbox 1650 2850 1826 2922; x_wconf 84' lang='lat' dir='ltr'>necelsum</span> <span class='ocrx_word' id='word_1_176' title='bbox 1845 2850 2027 2945; x_wconf 89' lang='lat' dir='ltr'>videatur,</span> 
     </span>
     <span class='ocr_line' id='line_1_18' title="bbox 423 2948 2029 3050; baseline 0.003 -27"><span class='ocrx_word' id='word_1_177' title='bbox 423 2971 529 3045; x_wconf 90' lang='lat' dir='ltr'>atque</span> <span class='ocrx_word' id='word_1_178' title='bbox 547 2948 583 3021; x_wconf 89' lang='lat' dir='ltr'>in</span> <span class='ocrx_word' id='word_1_179' title='bbox 600 2950 839 3041; x_wconf 84' lang='lat' dir='ltr'>chalyboclifis</span> <span class='ocrx_word' id='word_1_180' title='bbox 856 2949 1110 3040; x_wconf 89' lang='lat' dir='ltr'>observatione,</span> <span class='ocrx_word' id='word_1_181' title='bbox 1137 2970 1197 3024; x_wconf 93' lang='lat' dir='ltr'>aut</span> <span class='ocrx_word' id='word_1_182' title='bbox 1213 2950 1280 3023; x_wconf 75' lang='lat' dir='ltr'>alili</span> <span class='ocrx_word' id='word_1_183' title='bbox 1298 2950 1424 3046; x_wconf 86' lang='lat' dir='ltr'>quavis</span> <span class='ocrx_word' id='word_1_184' title='bbox 1442 2951 1623 3022; x_wconf 81' lang='lat' dir='ltr'>occasione</span> <span class='ocrx_word' id='word_1_185' title='bbox 1640 2972 1712 3022; x_wconf 91' lang='lat' dir='ltr'>non</span> <span class='ocrx_word' id='word_1_186' title='bbox 1730 2950 1813 3022; x_wconf 90' lang='lat' dir='ltr'>nihil</span> <span class='ocrx_word' id='word_1_187' title='bbox 1833 2974 2029 3050; x_wconf 83' lang='lat' dir='ltr'>peccatum</span> 
     </span>
     <span class='ocr_line' id='line_1_19' title="bbox 422 3048 2027 3148; baseline 0.003 -25"><span class='ocrx_word' id='word_1_188' title='bbox 422 3050 502 3124; x_wconf 85' lang='lat' dir='ltr'>effe.</span> <span class='ocrx_word' id='word_1_189' title='bbox 555 3050 685 3146; x_wconf 68' lang='lat' dir='ltr'>Neque</span> <span class='ocrx_word' id='word_1_190' title='bbox 702 3050 851 3123; x_wconf 76' lang='lat' dir='ltr'>omnini)</span> <span class='ocrx_word' id='word_1_191' title='bbox 868 3050 998 3124; x_wconf 89' lang='lat' dir='ltr'>mirum</span> <span class='ocrx_word' id='word_1_192' title='bbox 1016 3050 1077 3137; x_wconf 89' lang='lat' dir='ltr'>est,</span> <span class='ocrx_word' id='word_1_193' title='bbox 1095 3073 1154 3123; x_wconf 91' lang='lat' dir='ltr'>aut</span> <span class='ocrx_word' id='word_1_194' title='bbox 1171 3051 1384 3139; x_wconf 88' lang='lat' dir='ltr'>inauditum,</span> <span class='ocrx_word' id='word_1_195' title='bbox 1405 3049 1441 3123; x_wconf 90' lang='lat' dir='ltr'>iu</span> <span class='ocrx_word' id='word_1_196' title='bbox 1460 3051 1556 3123; x_wconf 71' lang='lat' dir='ltr'>tanti</span> <span class='ocrx_word' id='word_1_197' title='bbox 1573 3048 1705 3123; x_wconf 89' lang='lat' dir='ltr'>itineris</span> <span class='ocrx_word' id='word_1_198' title='bbox 1723 3050 1961 3148; x_wconf 86' lang='lat' dir='ltr'>longitudine,</span> <span class='ocrx_word' id='word_1_199' title='bbox 1980 3080 2027 3128; x_wconf 89' lang='lat' dir='ltr'>ac</span> 
     </span>
     <span class='ocr_line' id='line_1_20' title="bbox 421 3148 2025 3238; baseline 0.004 -15"><span class='ocrx_word' id='word_1_200' title='bbox 421 3169 476 3224; x_wconf 91' lang='lat' dir='ltr'>tot</span> <span class='ocrx_word' id='word_1_201' title='bbox 492 3149 630 3224; x_wconf 91' lang='lat' dir='ltr'>dietum</span> <span class='ocrx_word' id='word_1_202' title='bbox 650 3152 844 3235; x_wconf 78' lang='lat' dir='ltr'>intervallO,</span> <span class='ocrx_word' id='word_1_203' title='bbox 871 3176 953 3223; x_wconf 90' lang='lat' dir='ltr'>cum</span> <span class='ocrx_word' id='word_1_204' title='bbox 971 3150 1105 3223; x_wconf 71' lang='lat' dir='ltr'>interea</span> <span class='ocrx_word' id='word_1_205' title='bbox 1122 3153 1167 3223; x_wconf 90' lang='lat' dir='ltr'>de</span> <span class='ocrx_word' id='word_1_206' title='bbox 1185 3153 1280 3224; x_wconf 86' lang='lat' dir='ltr'>coelo</span> <span class='ocrx_word' id='word_1_207' title='bbox 1296 3152 1518 3224; x_wconf 85' lang='lat' dir='ltr'>observatum</span> <span class='ocrx_word' id='word_1_208' title='bbox 1538 3175 1610 3222; x_wconf 89' lang='lat' dir='ltr'>non</span> <span class='ocrx_word' id='word_1_209' title='bbox 1634 3148 1714 3238; x_wconf 88' lang='lat' dir='ltr'>erit,</span> <span class='ocrx_word' id='word_1_210' title='bbox 1741 3170 1872 3223; x_wconf 88' lang='lat' dir='ltr'>tantam</span> <span class='ocrx_word' id='word_1_211' title='bbox 1901 3153 1921 3224; x_wconf 69' lang='lat' dir='ltr'>a</span> <span class='ocrx_word' id='word_1_212' title='bbox 1945 3156 2025 3229; x_wconf 91' lang='lat' dir='ltr'>lati·</span> 
     </span>
     <span class='ocr_line' id='line_1_21' title="bbox 421 3248 2115 3351; baseline 0.002 -27"><span class='ocrx_word' id='word_1_213' title='bbox 421 3251 548 3324; x_wconf 88' lang='lat' dir='ltr'>tudine</span> <span class='ocrx_word' id='word_1_214' title='bbox 566 3253 646 3322; x_wconf 72' lang='lat' dir='ltr'>verli</span> <span class='ocrx_word' id='word_1_215' title='bbox 663 3248 895 3324; x_wconf 83' lang='lat' dir='ltr'>differentiam</span> <span class='ocrx_word' id='word_1_216' title='bbox 914 3251 1151 3323; x_wconf 88' lang='lat' dir='ltr'>intercedere:</span> <span class='ocrx_word' id='word_1_217' title='bbox 1180 3252 1280 3348; x_wconf 91' lang='lat' dir='ltr'>quod</span> <span class='ocrx_word' id='word_1_218' title='bbox 1298 3248 1388 3322; x_wconf 74' lang='lat' dir='ltr'>infra</span> <span class='ocrx_word' id='word_1_219' title='bbox 1404 3273 1550 3346; x_wconf 91' lang='lat' dir='ltr'>quoque</span> <span class='ocrx_word' id='word_1_220' title='bbox 1566 3252 1675 3324; x_wconf 88' lang='lat' dir='ltr'>altero</span> <span class='ocrx_word' id='word_1_221' title='bbox 1691 3252 1856 3348; x_wconf 87' lang='lat' dir='ltr'>exemplo</span> <span class='ocrx_word' id='word_1_222' title='bbox 1874 3255 2027 3351; x_wconf 83' lang='lat' dir='ltr'>patebit.</span> <span class='ocrx_word' id='word_1_223' title='bbox 2113 3249 2115 3256; x_wconf 70' lang='grc'><strong>’</strong></span> 
     </span>
     <span class='ocr_line' id='line_1_22' title="bbox 420 3348 2032 3450; baseline 0.004 -26"><span class='ocrx_word' id='word_1_224' title='bbox 420 3351 518 3424; x_wconf 80' lang='lat' dir='ltr'>Haec</span> <span class='ocrx_word' id='word_1_225' title='bbox 537 3349 631 3421; x_wconf 89' lang='lat' dir='ltr'>enim</span> <span class='ocrx_word' id='word_1_226' title='bbox 650 3376 721 3421; x_wconf 88' lang='lat' dir='ltr'>non</span> <span class='ocrx_word' id='word_1_227' title='bbox 740 3352 833 3434; x_wconf 76' lang='lat' dir='ltr'>fitia,</span> <span class='ocrx_word' id='word_1_228' title='bbox 852 3350 910 3423; x_wconf 90' lang='lat' dir='ltr'>sed</span> <span class='ocrx_word' id='word_1_229' title='bbox 930 3375 966 3421; x_wconf 91' lang='lat' dir='ltr'>re</span> <span class='ocrx_word' id='word_1_230' title='bbox 984 3348 1055 3445; x_wconf 75' lang='lat' dir='ltr'>ipsi</span> <span class='ocrx_word' id='word_1_231' title='bbox 1072 3375 1114 3422; x_wconf 86' lang='lat' dir='ltr'>ex</span> <span class='ocrx_word' id='word_1_232' title='bbox 1130 3371 1314 3423; x_wconf 86' lang='lat' dir='ltr'>nautarum</span> <span class='ocrx_word' id='word_1_233' title='bbox 1331 3349 1461 3423; x_wconf 85' lang='lat' dir='ltr'>Diariis</span> <span class='ocrx_word' id='word_1_234' title='bbox 1475 3371 1644 3450; x_wconf 83' lang='lat' dir='ltr'>excerpta</span> <span class='ocrx_word' id='word_1_235' title='bbox 1661 3350 1880 3448; x_wconf 82' lang='lat' dir='ltr'>proferimus.</span> <span class='ocrx_word' id='word_1_236' title='bbox 1909 3354 2032 3431; x_wconf 61' lang='lat' dir='ltr'>Porri&gt;</span> 
     </span>
     <span class='ocr_line' id='line_1_23' title="bbox 421 3448 2023 3546; baseline 0.006 -23"><span class='ocrx_word' id='word_1_237' title='bbox 421 3469 542 3523; x_wconf 87' lang='lat' dir='ltr'>autem</span> <span class='ocrx_word' id='word_1_238' title='bbox 559 3473 643 3521; x_wconf 90' lang='lat' dir='ltr'>cum</span> <span class='ocrx_word' id='word_1_239' title='bbox 660 3451 705 3522; x_wconf 90' lang='lat' dir='ltr'>ad</span> <span class='ocrx_word' id='word_1_240' title='bbox 723 3448 981 3546; x_wconf 84' lang='lat' dir='ltr'>longitudinem</span> <span class='ocrx_word' id='word_1_241' title='bbox 1009 3449 1269 3523; x_wconf 86' lang='lat' dir='ltr'>emendandam</span> <span class='ocrx_word' id='word_1_242' title='bbox 1300 3448 1440 3523; x_wconf 81' lang='lat' dir='ltr'>subsidii</span> <span class='ocrx_word' id='word_1_243' title='bbox 1472 3451 1559 3522; x_wconf 90' lang='lat' dir='ltr'>niliil</span> <span class='ocrx_word' id='word_1_244' title='bbox 1586 3451 1704 3538; x_wconf 86' lang='lat' dir='ltr'>detur,</span> <span class='ocrx_word' id='word_1_245' title='bbox 1727 3469 1810 3525; x_wconf 89' lang='lat' dir='ltr'>ante</span> <span class='ocrx_word' id='word_1_246' title='bbox 1833 3449 2023 3532; x_wconf 90' lang='lat' dir='ltr'>inventam</span> 
     </span>
     <span class='ocr_line' id='line_1_24' title="bbox 421 3548 2026 3649; baseline 0.008 -28"><span class='ocrx_word' id='word_1_247' title='bbox 421 3551 594 3634; x_wconf 79' lang='lat' dir='ltr'>retinebo,</span> <span class='ocrx_word' id='word_1_248' title='bbox 621 3575 701 3645; x_wconf 88' lang='lat' dir='ltr'>quae</span> <span class='ocrx_word' id='word_1_249' title='bbox 720 3550 821 3622; x_wconf 89' lang='lat' dir='ltr'>nobis</span> <span class='ocrx_word' id='word_1_250' title='bbox 846 3549 935 3624; x_wconf 86' lang='lat' dir='ltr'>inter</span> <span class='ocrx_word' id='word_1_251' title='bbox 951 3549 1095 3624; x_wconf 88' lang='lat' dir='ltr'>Mosam</span> <span class='ocrx_word' id='word_1_252' title='bbox 1112 3572 1146 3623; x_wconf 90' lang='lat' dir='ltr'>et</span> <span class='ocrx_word' id='word_1_253' title='bbox 1164 3552 1302 3624; x_wconf 74' lang='lat' dir='ltr'>distem</span> <span class='ocrx_word' id='word_1_254' title='bbox 1319 3550 1533 3623; x_wconf 90' lang='lat' dir='ltr'>acroterium</span> <span class='ocrx_word' id='word_1_255' title='bbox 1551 3550 1651 3648; x_wconf 71' lang='lat' dir='ltr'>sopri</span> <span class='ocrx_word' id='word_1_256' title='bbox 1671 3548 1736 3623; x_wconf 87' lang='lat' dir='ltr'>suit</span> <span class='ocrx_word' id='word_1_257' title='bbox 1760 3573 1802 3623; x_wconf 79' lang='lat' dir='ltr'>ta</span> <span class='ocrx_word' id='word_1_258' title='bbox 1820 3576 1873 3649; x_wconf 83' lang='lat' dir='ltr'>gr.</span> <span class='ocrx_word' id='word_1_259' title='bbox 1890 3557 1938 3646; x_wconf 88' lang='lat'>46</span> <span class='ocrx_word' id='word_1_260' title='bbox 1957 3554 2026 3634; x_wconf 67' lang='lat' dir='ltr'>scr·</span> 
     </span>
     <span class='ocr_line' id='line_1_25' title="bbox 421 3648 2022 3747; baseline 0.004 -24"><span class='ocrx_word' id='word_1_261' title='bbox 421 3653 544 3746; x_wconf 84' lang='lat' dir='ltr'>Atque</span> <span class='ocrx_word' id='word_1_262' title='bbox 562 3649 609 3723; x_wconf 92' lang='lat' dir='ltr'>ita</span> <span class='ocrx_word' id='word_1_263' title='bbox 628 3650 661 3721; x_wconf 93' lang='lat' dir='ltr'>in</span> <span class='ocrx_word' id='word_1_264' title='bbox 682 3648 746 3722; x_wconf 89' lang='lat' dir='ltr'>isto</span> <span class='ocrx_word' id='word_1_265' title='bbox 763 3650 945 3724; x_wconf 89' lang='lat' dir='ltr'>meridiani</span> <span class='ocrx_word' id='word_1_266' title='bbox 973 3670 1008 3724; x_wconf 88' lang='lat' dir='ltr'>et</span> <span class='ocrx_word' id='word_1_267' title='bbox 1034 3651 1188 3747; x_wconf 86' lang='lat' dir='ltr'>paralleli</span> <span class='ocrx_word' id='word_1_268' title='bbox 1206 3650 1408 3726; x_wconf 89' lang='lat' dir='ltr'>communis</span> <span class='ocrx_word' id='word_1_269' title='bbox 1427 3649 1585 3724; x_wconf 77' lang='lat' dir='ltr'>sectionis</span> <span class='ocrx_word' id='word_1_270' title='bbox 1611 3652 1763 3725; x_wconf 90' lang='lat' dir='ltr'>termino</span> <span class='ocrx_word' id='word_1_271' title='bbox 1781 3649 1933 3729; x_wconf 69' lang='lat' dir='ltr'>conlecti</span> <span class='ocrx_word' id='word_1_272' title='bbox 1959 3653 2022 3730; x_wconf 88' lang='lat' dir='ltr'>iti·</span> 
     </span>
     <span class='ocr_line' id='line_1_26' title="bbox 421 3748 1157 3825; baseline 0.001 -2"><span class='ocrx_word' id='word_1_273' title='bbox 421 3754 514 3823; x_wconf 85' lang='lat' dir='ltr'>neris</span> <span class='ocrx_word' id='word_1_274' title='bbox 532 3749 682 3822; x_wconf 90' lang='lat' dir='ltr'>limitem</span> <span class='ocrx_word' id='word_1_275' title='bbox 708 3748 855 3822; x_wconf 89' lang='lat' dir='ltr'>statuere</span> <span class='ocrx_word' id='word_1_276' title='bbox 873 3752 986 3825; x_wconf 92' lang='lat' dir='ltr'>habeo</span> <span class='ocrx_word' id='word_1_277' title='bbox 1012 3754 1157 3824; x_wconf 76' lang='lat' dir='ltr'>necesse.</span> 
     </span>
    </p>

    <p class='ocr_par' dir='ltr' id='par_1_6' title="bbox 420 3847 2045 4851">
     <span class='ocr_line' id='line_1_27' title="bbox 474 3847 2041 3947; baseline 0.006 -25"><span class='ocrx_word' id='word_1_278' title='bbox 474 3850 602 3947; x_wconf 83' lang='lat' dir='ltr'>Atqui,</span> <span class='ocrx_word' id='word_1_279' title='bbox 630 3868 669 3921; x_wconf 91' lang='lat' dir='ltr'>iit</span> <span class='ocrx_word' id='word_1_280' title='bbox 699 3848 870 3935; x_wconf 83' lang='lat' dir='ltr'>diximus,</span> <span class='ocrx_word' id='word_1_281' title='bbox 897 3852 1055 3925; x_wconf 74' lang='lat' dir='ltr'>Cautio</span> <span class='ocrx_word' id='word_1_282' title='bbox 1083 3850 1144 3938; x_wconf 90' lang='lat' dir='ltr'>est,</span> <span class='ocrx_word' id='word_1_283' title='bbox 1169 3852 1193 3922; x_wconf 88' lang='lat' dir='ltr'>si</span> <span class='ocrx_word' id='word_1_284' title='bbox 1220 3848 1374 3924; x_wconf 89' lang='lat' dir='ltr'>enormis</span> <span class='ocrx_word' id='word_1_285' title='bbox 1399 3852 1439 3924; x_wconf 89' lang='lat' dir='ltr'>sit</span> <span class='ocrx_word' id='word_1_286' title='bbox 1469 3876 1509 3924; x_wconf 86' lang='lat' dir='ltr'>ea</span> <span class='ocrx_word' id='word_1_287' title='bbox 1538 3847 1748 3937; x_wconf 84' lang='lat' dir='ltr'>differentia,</span> <span class='ocrx_word' id='word_1_288' title='bbox 1773 3853 2041 3931; x_wconf 78' lang='lat' dir='ltr'>emendatione.</span> 
     </span>
     <span class='ocr_line' id='line_1_28' title="bbox 420 3949 2022 4049; baseline 0.004 -26"><span class='ocrx_word' id='word_1_289' title='bbox 420 3949 481 4024; x_wconf 89' lang='lat' dir='ltr'>tali</span> <span class='ocrx_word' id='word_1_290' title='bbox 505 3974 597 4046; x_wconf 92' lang='lat' dir='ltr'>opus</span> <span class='ocrx_word' id='word_1_291' title='bbox 613 3949 695 4034; x_wconf 83' lang='lat' dir='ltr'>else,</span> <span class='ocrx_word' id='word_1_292' title='bbox 722 3949 794 4047; x_wconf 73' lang='lat' dir='ltr'>qui</span> <span class='ocrx_word' id='word_1_293' title='bbox 809 3951 928 4049; x_wconf 88' lang='lat' dir='ltr'>anguli</span> <span class='ocrx_word' id='word_1_294' title='bbox 944 3951 1074 4048; x_wconf 89' lang='lat' dir='ltr'>quibus</span> <span class='ocrx_word' id='word_1_295' title='bbox 1100 3951 1337 4024; x_wconf 86' lang='lat' dir='ltr'>loxodromiae</span> <span class='ocrx_word' id='word_1_296' title='bbox 1357 3951 1403 4023; x_wconf 91' lang='lat' dir='ltr'>ad</span> <span class='ocrx_word' id='word_1_297' title='bbox 1424 3950 1658 4024; x_wconf 83' lang='lat' dir='ltr'>meridianum</span> <span class='ocrx_word' id='word_1_298' title='bbox 1682 3949 1906 4039; x_wconf 89' lang='lat' dir='ltr'>inclinantur,</span> <span class='ocrx_word' id='word_1_299' title='bbox 1932 3981 2022 4029; x_wconf 87' lang='lat' dir='ltr'>iiiu-</span> 
     </span>
     <span class='ocr_line' id='line_1_29' title="bbox 422 4048 2023 4154; baseline 0.004 -29"><span class='ocrx_word' id='word_1_300' title='bbox 422 4070 563 4136; x_wconf 80' lang='lat' dir='ltr'>tentur3</span> <span class='ocrx_word' id='word_1_301' title='bbox 591 4053 660 4124; x_wconf 91' lang='lat' dir='ltr'>hoc</span> <span class='ocrx_word' id='word_1_302' title='bbox 690 4048 752 4139; x_wconf 87' lang='lat' dir='ltr'>est,</span> <span class='ocrx_word' id='word_1_303' title='bbox 779 4049 856 4123; x_wconf 86' lang='lat' dir='ltr'>aliae</span> <span class='ocrx_word' id='word_1_304' title='bbox 885 4052 1118 4125; x_wconf 86' lang='lat' dir='ltr'>loxodromiae</span> <span class='ocrx_word' id='word_1_305' title='bbox 1138 4051 1368 4136; x_wconf 83' lang='lat' dir='ltr'>assumantur,</span> <span class='ocrx_word' id='word_1_306' title='bbox 1394 4074 1500 4147; x_wconf 90' lang='lat' dir='ltr'>quam</span> <span class='ocrx_word' id='word_1_307' title='bbox 1529 4077 1613 4126; x_wconf 87' lang='lat' dir='ltr'>actis</span> <span class='ocrx_word' id='word_1_308' title='bbox 1640 4051 1851 4147; x_wconf 86' lang='lat' dir='ltr'>magnetica,</span> <span class='ocrx_word' id='word_1_309' title='bbox 1878 4054 2023 4154; x_wconf 89' lang='lat' dir='ltr'>inipso</span> 
     </span>
     <span class='ocr_line' id='line_1_30' title="bbox 422 4149 2023 4263; baseline -0.002 -38"><span class='ocrx_word' id='word_1_310' title='bbox 422 4149 520 4225; x_wconf 88' lang='lat' dir='ltr'>eursu</span> <span class='ocrx_word' id='word_1_311' title='bbox 538 4151 790 4247; x_wconf 84' lang='lat' dir='ltr'>designaverit:</span> <span class='ocrx_word' id='word_1_312' title='bbox 820 4149 904 4248; x_wconf 88' lang='lat' dir='ltr'>quia</span> <span class='ocrx_word' id='word_1_313' title='bbox 932 4150 969 4224; x_wconf 94' lang='lat' dir='ltr'>id</span> <span class='ocrx_word' id='word_1_314' title='bbox 987 4155 1007 4224; x_wconf 73' lang='lat' dir='ltr'>a</span> <span class='ocrx_word' id='word_1_315' title='bbox 1023 4151 1127 4224; x_wconf 91' lang='lat' dir='ltr'>maris</span> <span class='ocrx_word' id='word_1_316' title='bbox 1144 4152 1287 4225; x_wconf 91' lang='lat' dir='ltr'>occulto</span> <span class='ocrx_word' id='word_1_317' title='bbox 1303 4151 1438 4245; x_wconf 89' lang='lat' dir='ltr'>impetu</span> <span class='ocrx_word' id='word_1_318' title='bbox 1456 4151 1588 4225; x_wconf 70' lang='lat' dir='ltr'>saelum</span> <span class='ocrx_word' id='word_1_319' title='bbox 1618 4154 1673 4239; x_wconf 89' lang='lat' dir='ltr'>sit,</span> <span class='ocrx_word' id='word_1_320' title='bbox 1700 4175 1773 4263; x_wconf 91' lang='lat' dir='ltr'>quo</span> <span class='ocrx_word' id='word_1_321' title='bbox 1789 4153 1888 4227; x_wconf 88' lang='lat' dir='ltr'>navis</span> <span class='ocrx_word' id='word_1_322' title='bbox 1906 4156 2023 4231; x_wconf 85' lang='lat' dir='ltr'>trans.</span> 
     </span>
     <span class='ocr_line' id='line_1_31' title="bbox 421 4249 2045 4350; baseline 0.004 -24"><span class='ocrx_word' id='word_1_323' title='bbox 421 4249 552 4326; x_wconf 85' lang='lat' dir='ltr'>verslm</span> <span class='ocrx_word' id='word_1_324' title='bbox 569 4252 616 4322; x_wconf 90' lang='lat' dir='ltr'>ab</span> <span class='ocrx_word' id='word_1_325' title='bbox 641 4250 804 4324; x_wconf 87' lang='lat' dir='ltr'>instituto</span> <span class='ocrx_word' id='word_1_326' title='bbox 822 4252 958 4325; x_wconf 89' lang='lat' dir='ltr'>tramite</span> <span class='ocrx_word' id='word_1_327' title='bbox 974 4253 1013 4324; x_wconf 88' lang='lat' dir='ltr'>lit</span> <span class='ocrx_word' id='word_1_328' title='bbox 1029 4251 1153 4326; x_wconf 85' lang='lat' dir='ltr'>furtim</span> <span class='ocrx_word' id='word_1_329' title='bbox 1170 4256 1325 4350; x_wconf 79' lang='lat' dir='ltr'>abrepta</span> <span class='ocrx_word' id='word_1_330' title='bbox 1354 4251 1463 4326; x_wconf 89' lang='lat' dir='ltr'>Verbi</span> <span class='ocrx_word' id='word_1_331' title='bbox 1491 4252 1612 4350; x_wconf 66' lang='lat' dir='ltr'>gratiis,</span> <span class='ocrx_word' id='word_1_332' title='bbox 1640 4275 1744 4324; x_wconf 84' lang='lat' dir='ltr'>maris</span> <span class='ocrx_word' id='word_1_333' title='bbox 1773 4254 1902 4329; x_wconf 74' lang='lat' dir='ltr'>flodus</span> <span class='ocrx_word' id='word_1_334' title='bbox 1927 4255 2045 4331; x_wconf 69' lang='lat' dir='ltr'>aded&#39;</span> 
     </span>
     <span class='ocr_line' id='line_1_32' title="bbox 421 4348 2021 4452; baseline 0.006 -28"><span class='ocrx_word' id='word_1_335' title='bbox 421 4351 591 4438; x_wconf 86' lang='lat' dir='ltr'>violento,</span> <span class='ocrx_word' id='word_1_336' title='bbox 615 4348 675 4424; x_wconf 92' lang='lat' dir='ltr'>sed</span> <span class='ocrx_word' id='word_1_337' title='bbox 693 4369 811 4424; x_wconf 87' lang='lat' dir='ltr'>tamen</span> <span class='ocrx_word' id='word_1_338' title='bbox 830 4350 1090 4441; x_wconf 89' lang='lat' dir='ltr'>inobservabili,</span> <span class='ocrx_word' id='word_1_339' title='bbox 1121 4354 1257 4452; x_wconf 90' lang='lat' dir='ltr'>impetu</span> <span class='ocrx_word' id='word_1_340' title='bbox 1284 4353 1393 4451; x_wconf 75' lang='lat' dir='ltr'>prope</span> <span class='ocrx_word' id='word_1_341' title='bbox 1417 4351 1545 4425; x_wconf 86' lang='lat' dir='ltr'>fretum</span> <span class='ocrx_word' id='word_1_342' title='bbox 1562 4354 1677 4426; x_wconf 84' lang='lat' dir='ltr'>Davis</span> <span class='ocrx_word' id='word_1_343' title='bbox 1706 4352 1727 4425; x_wconf 76' lang='grc' dir='ltr'>ὲ</span> <span class='ocrx_word' id='word_1_344' title='bbox 1757 4354 1870 4426; x_wconf 70' lang='lat' dir='ltr'>Rosea</span> <span class='ocrx_word' id='word_1_345' title='bbox 1898 4358 2021 4433; x_wconf 72' lang='lat' dir='ltr'>versus</span> 
     </span>
     <span class='ocr_line' id='line_1_33' title="bbox 422 4449 2022 4554; baseline -0.002 -30"><span class='ocrx_word' id='word_1_346' title='bbox 422 4449 593 4524; x_wconf 87' lang='lat' dir='ltr'>Austrum</span> <span class='ocrx_word' id='word_1_347' title='bbox 610 4449 731 4539; x_wconf 87' lang='lat' dir='ltr'>fertur,</span> <span class='ocrx_word' id='word_1_348' title='bbox 757 4452 877 4549; x_wconf 92' lang='lat' dir='ltr'>utqui</span> <span class='ocrx_word' id='word_1_349' title='bbox 904 4451 1002 4527; x_wconf 88' lang='lat' dir='ltr'>istinc</span> <span class='ocrx_word' id='word_1_350' title='bbox 1020 4452 1159 4528; x_wconf 90' lang='lat' dir='ltr'>cursum</span> <span class='ocrx_word' id='word_1_351' title='bbox 1178 4456 1215 4527; x_wconf 90' lang='lat' dir='ltr'>in</span> <span class='ocrx_word' id='word_1_352' title='bbox 1233 4476 1352 4527; x_wconf 89' lang='lat' dir='ltr'>ortum</span> <span class='ocrx_word' id='word_1_353' title='bbox 1375 4451 1535 4551; x_wconf 86' lang='lat' dir='ltr'>dirigunt</span> <span class='ocrx_word' id='word_1_354' title='bbox 1556 4452 1769 4526; x_wconf 87' lang='lat' dir='ltr'>monstrante</span> <span class='ocrx_word' id='word_1_355' title='bbox 1787 4480 1851 4529; x_wconf 90' lang='lat' dir='ltr'>acu</span> <span class='ocrx_word' id='word_1_356' title='bbox 1870 4479 2022 4554; x_wconf 87' lang='lat' dir='ltr'>magne.</span> 
     </span>
     <span class='ocr_line' id='line_1_34' title="bbox 421 4547 2020 4654; baseline 0.006 -31"><span class='ocrx_word' id='word_1_357' title='bbox 421 4551 506 4640; x_wconf 80' lang='lat' dir='ltr'>ticli,</span> <span class='ocrx_word' id='word_1_358' title='bbox 532 4549 655 4643; x_wconf 69' lang='lat' dir='ltr'>(etiem</span> <span class='ocrx_word' id='word_1_359' title='bbox 673 4549 831 4649; x_wconf 74' lang='lat' dir='ltr'>legitime</span> <span class='ocrx_word' id='word_1_360' title='bbox 853 4552 1047 4626; x_wconf 76' lang='lat' dir='ltr'>secundum</span> <span class='ocrx_word' id='word_1_361' title='bbox 1064 4552 1159 4628; x_wconf 88' lang='lat' dir='ltr'>suani</span> <span class='ocrx_word' id='word_1_362' title='bbox 1178 4553 1428 4650; x_wconf 87' lang='lat' dir='ltr'>chalyboclisrn</span> <span class='ocrx_word' id='word_1_363' title='bbox 1448 4555 1668 4645; x_wconf 57' lang='lat' dir='ltr'>emendati)</span> <span class='ocrx_word' id='word_1_364' title='bbox 1694 4553 1864 4650; x_wconf 75' lang='lat' dir='ltr'>perpetui&gt;</span> <span class='ocrx_word' id='word_1_365' title='bbox 1890 4547 2020 4654; x_wconf 85' lang='lat' dir='ltr'>depre-</span> 
     </span>
     <span class='ocr_line' id='line_1_35' title="bbox 423 4652 2020 4754; baseline 0.004 -30"><span class='ocrx_word' id='word_1_366' title='bbox 423 4652 633 4740; x_wconf 86' lang='lat' dir='ltr'>hendantur,</span> <span class='ocrx_word' id='word_1_367' title='bbox 651 4676 734 4725; x_wconf 88' lang='lat' dir='ltr'>eum</span> <span class='ocrx_word' id='word_1_368' title='bbox 753 4677 825 4725; x_wconf 90' lang='lat' dir='ltr'>non</span> <span class='ocrx_word' id='word_1_369' title='bbox 843 4653 987 4726; x_wconf 80' lang='lat' dir='ltr'>ienuiffe</span> <span class='ocrx_word' id='word_1_370' title='bbox 1004 4654 1155 4740; x_wconf 87' lang='lat' dir='ltr'>cursum,</span> <span class='ocrx_word' id='word_1_371' title='bbox 1181 4655 1238 4727; x_wconf 91' lang='lat' dir='ltr'>sed</span> <span class='ocrx_word' id='word_1_372' title='bbox 1257 4680 1323 4751; x_wconf 90' lang='lat' dir='ltr'>pro</span> <span class='ocrx_word' id='word_1_373' title='bbox 1341 4654 1506 4752; x_wconf 89' lang='lat' dir='ltr'>parallelo</span> <span class='ocrx_word' id='word_1_374' title='bbox 1523 4655 1605 4742; x_wconf 91' lang='lat' dir='ltr'>hoc,</span> <span class='ocrx_word' id='word_1_375' title='bbox 1631 4653 1894 4728; x_wconf 85' lang='lat' dir='ltr'>loxodromiam</span> <span class='ocrx_word' id='word_1_376' title='bbox 1911 4681 2020 4754; x_wconf 88' lang='lat' dir='ltr'>quar·</span> 
     </span>
     <span class='ocr_line' id='line_1_36' title="bbox 421 4751 2020 4851; baseline 0.006 -30"><span class='ocrx_word' id='word_1_377' title='bbox 421 4751 611 4825; x_wconf 84' lang='lat' dir='ltr'>tamintei</span> <span class='ocrx_word' id='word_1_378' title='bbox 626 4772 744 4824; x_wconf 87' lang='lat' dir='ltr'>ortum</span> <span class='ocrx_word' id='word_1_379' title='bbox 763 4773 797 4826; x_wconf 90' lang='lat' dir='ltr'>et</span> <span class='ocrx_word' id='word_1_380' title='bbox 816 4751 1016 4846; x_wconf 87' lang='lat' dir='ltr'>meridiem,</span> <span class='ocrx_word' id='word_1_381' title='bbox 1043 4755 1184 4851; x_wconf 86' lang='lat' dir='ltr'>(nostris</span> <span class='ocrx_word' id='word_1_382' title='bbox 1214 4754 1253 4828; x_wconf 78' lang='lat' dir='ltr'>de</span> <span class='ocrx_word' id='word_1_383' title='bbox 1278 4759 1367 4847; x_wconf 60' lang='grc' dir='ltr'>ΖΨ</span> <span class='ocrx_word' id='word_1_384' title='bbox 1395 4756 1469 4845; x_wconf 77' lang='lat' dir='ltr'>00st</span> <span class='ocrx_word' id='word_1_385' title='bbox 1483 4755 1607 4845; x_wconf 81' lang='lat' dir='ltr'>Jlreeck</span> <span class='ocrx_word' id='word_1_386' title='bbox 1636 4754 1785 4847; x_wconf 66' lang='lat' dir='ltr'>didam)</span> <span class='ocrx_word' id='word_1_387' title='bbox 1814 4756 2020 4841; x_wconf 79' lang='lat' dir='ltr'>decurrisse.</span> 
     </span>
    </p>

    <p class='ocr_par' dir='ltr' id='par_1_7' title="bbox 420 4851 2070 5564">
     <span class='ocr_line' id='line_1_37' title="bbox 423 4851 2018 4954; baseline 0.009 -34"><span class='ocrx_word' id='word_1_388' title='bbox 423 4851 466 4923; x_wconf 85' lang='lat' dir='ltr'>lil</span> <span class='ocrx_word' id='word_1_389' title='bbox 484 4852 787 4947; x_wconf 86' lang='lat' dir='ltr'>quemadmodum</span> <span class='ocrx_word' id='word_1_390' title='bbox 805 4855 842 4927; x_wconf 89' lang='lat' dir='ltr'>in</span> <span class='ocrx_word' id='word_1_391' title='bbox 859 4853 928 4930; x_wconf 90' lang='lat' dir='ltr'>hoc</span> <span class='ocrx_word' id='word_1_392' title='bbox 945 4855 1092 4954; x_wconf 87' lang='lat' dir='ltr'>simplici</span> <span class='ocrx_word' id='word_1_393' title='bbox 1110 4853 1228 4945; x_wconf 88' lang='lat' dir='ltr'>cursu,</span> <span class='ocrx_word' id='word_1_394' title='bbox 1254 4879 1337 4933; x_wconf 90' lang='lat' dir='ltr'>cum</span> <span class='ocrx_word' id='word_1_395' title='bbox 1355 4857 1400 4930; x_wconf 90' lang='lat' dir='ltr'>ab</span> <span class='ocrx_word' id='word_1_396' title='bbox 1422 4852 1663 4930; x_wconf 87' lang='lat' dir='ltr'>observatione</span> <span class='ocrx_word' id='word_1_397' title='bbox 1679 4854 1827 4952; x_wconf 89' lang='lat' dir='ltr'>incipiet</span> <span class='ocrx_word' id='word_1_398' title='bbox 1843 4875 1877 4929; x_wconf 87' lang='lat' dir='ltr'>et</span> <span class='ocrx_word' id='word_1_399' title='bbox 1894 4858 2018 4934; x_wconf 86' lang='lat' dir='ltr'>termi-</span> 
     </span>
     <span class='ocr_line' id='line_1_38' title="bbox 423 4951 2023 5056; baseline 0.008 -34"><span class='ocrx_word' id='word_1_400' title='bbox 423 4951 577 5040; x_wconf 89' lang='lat' dir='ltr'>nabitur,</span> <span class='ocrx_word' id='word_1_401' title='bbox 602 4953 779 5026; x_wconf 88' lang='lat' dir='ltr'>emendari</span> <span class='ocrx_word' id='word_1_402' title='bbox 796 4958 910 5052; x_wconf 86' lang='lat' dir='ltr'>possit,</span> <span class='ocrx_word' id='word_1_403' title='bbox 935 4953 1039 5056; x_wconf 71' lang='lat' dir='ltr'>supra</span> <span class='ocrx_word' id='word_1_404' title='bbox 1055 4955 1228 5056; x_wconf 88' lang='lat' dir='ltr'>explicui.</span> <span class='ocrx_word' id='word_1_405' title='bbox 1277 4958 1402 5055; x_wconf 89' lang='lat' dir='ltr'>ltaque</span> <span class='ocrx_word' id='word_1_406' title='bbox 1417 4955 1524 5031; x_wconf 75' lang='lat' dir='ltr'>semel</span> <span class='ocrx_word' id='word_1_407' title='bbox 1547 4956 1691 5054; x_wconf 86' lang='lat' dir='ltr'>cognito</span> <span class='ocrx_word' id='word_1_408' title='bbox 1712 4953 1777 5028; x_wconf 90' lang='lat' dir='ltr'>isto</span> <span class='ocrx_word' id='word_1_409' title='bbox 1801 4957 1903 5030; x_wconf 90' lang='lat' dir='ltr'>subie</span> <span class='ocrx_word' id='word_1_410' title='bbox 1945 4955 2023 5034; x_wconf 67' lang='lat' dir='ltr'>‘tie</span> 
     </span>
     <span class='ocr_line' id='line_1_39' title="bbox 423 5051 2017 5156; baseline 0.007 -34"><span class='ocrx_word' id='word_1_411' title='bbox 423 5051 654 5124; x_wconf 86' lang='lat' dir='ltr'>loxodromiae</span> <span class='ocrx_word' id='word_1_412' title='bbox 671 5057 804 5150; x_wconf 90' lang='lat' dir='ltr'>angulo</span> <span class='ocrx_word' id='word_1_413' title='bbox 824 5054 977 5151; x_wconf 82' lang='lat' dir='ltr'>reliquos</span> <span class='ocrx_word' id='word_1_414' title='bbox 994 5080 1116 5132; x_wconf 89' lang='lat' dir='ltr'>omnes</span> <span class='ocrx_word' id='word_1_415' title='bbox 1133 5058 1178 5132; x_wconf 88' lang='lat' dir='ltr'>ad</span> <span class='ocrx_word' id='word_1_416' title='bbox 1204 5059 1301 5133; x_wconf 88' lang='lat' dir='ltr'>hunc</span> <span class='ocrx_word' id='word_1_417' title='bbox 1312 5059 1532 5156; x_wconf 87' lang='lat' dir='ltr'>temperabo.</span> <span class='ocrx_word' id='word_1_418' title='bbox 1571 5057 1671 5132; x_wconf 89' lang='lat' dir='ltr'>Nam</span> <span class='ocrx_word' id='word_1_419' title='bbox 1687 5053 1829 5130; x_wconf 89' lang='lat' dir='ltr'>cursum</span> <span class='ocrx_word' id='word_1_420' title='bbox 1845 5057 1894 5132; x_wconf 90' lang='lat' dir='ltr'>ob</span> <span class='ocrx_word' id='word_1_421' title='bbox 1909 5082 2017 5134; x_wconf 80' lang='lat' dir='ltr'>erva-</span> 
     </span>
     <span class='ocr_line' id='line_1_40' title="bbox 423 5148 2016 5258; baseline 0.006 -35"><span class='ocrx_word' id='word_1_422' title='bbox 423 5172 500 5223; x_wconf 90' lang='lat' dir='ltr'>tum</span> <span class='ocrx_word' id='word_1_423' title='bbox 517 5148 578 5223; x_wconf 89' lang='lat' dir='ltr'>liic</span> <span class='ocrx_word' id='word_1_424' title='bbox 595 5153 703 5224; x_wconf 90' lang='lat' dir='ltr'>alium</span> <span class='ocrx_word' id='word_1_425' title='bbox 720 5153 787 5226; x_wconf 84' lang='lat' dir='ltr'>effe</span> <span class='ocrx_word' id='word_1_426' title='bbox 804 5177 914 5250; x_wconf 86' lang='lat' dir='ltr'>quam</span> <span class='ocrx_word' id='word_1_427' title='bbox 932 5180 1072 5244; x_wconf 90' lang='lat' dir='ltr'>verum,</span> <span class='ocrx_word' id='word_1_428' title='bbox 1098 5181 1182 5230; x_wconf 93' lang='lat' dir='ltr'>cum</span> <span class='ocrx_word' id='word_1_429' title='bbox 1199 5158 1294 5230; x_wconf 89' lang='lat' dir='ltr'>haud</span> <span class='ocrx_word' id='word_1_430' title='bbox 1323 5159 1365 5230; x_wconf 88' lang='lat' dir='ltr'>sis</span> <span class='ocrx_word' id='word_1_431' title='bbox 1382 5155 1533 5245; x_wconf 86' lang='lat' dir='ltr'>nescius,</span> <span class='ocrx_word' id='word_1_432' title='bbox 1558 5175 1592 5230; x_wconf 85' lang='lat' dir='ltr'>et</span> <span class='ocrx_word' id='word_1_433' title='bbox 1609 5153 1713 5228; x_wconf 89' lang='lat' dir='ltr'>maiis</span> <span class='ocrx_word' id='word_1_434' title='bbox 1731 5176 1870 5231; x_wconf 90' lang='lat' dir='ltr'>motuni</span> <span class='ocrx_word' id='word_1_435' title='bbox 1888 5157 1909 5231; x_wconf 71' lang='lat' dir='ltr'>a</span> <span class='ocrx_word' id='word_1_436' title='bbox 1925 5157 2016 5258; x_wconf 88' lang='lat' dir='ltr'>Sep·</span> 
     </span>
     <span class='ocr_line' id='line_1_41' title="bbox 423 5249 2017 5352; baseline 0.008 -31"><span class='ocrx_word' id='word_1_437' title='bbox 423 5249 598 5324; x_wconf 81' lang='lat' dir='ltr'>tennione</span> <span class='ocrx_word' id='word_1_438' title='bbox 616 5249 650 5321; x_wconf 90' lang='lat' dir='ltr'>in</span> <span class='ocrx_word' id='word_1_439' title='bbox 673 5252 857 5330; x_wconf 87' lang='lat' dir='ltr'>meridiem</span> <span class='ocrx_word' id='word_1_440' title='bbox 875 5252 981 5327; x_wconf 85' lang='lat' dir='ltr'>seiri:</span> <span class='ocrx_word' id='word_1_441' title='bbox 1009 5257 1031 5326; x_wconf 92' lang='lat' dir='ltr'>si</span> <span class='ocrx_word' id='word_1_442' title='bbox 1061 5273 1099 5326; x_wconf 92' lang='lat' dir='ltr'>tu</span> <span class='ocrx_word' id='word_1_443' title='bbox 1126 5254 1235 5352; x_wconf 73' lang='lat' dir='ltr'>igitur</span> <span class='ocrx_word' id='word_1_444' title='bbox 1263 5256 1326 5328; x_wconf 89' lang='lat' dir='ltr'>sub</span> <span class='ocrx_word' id='word_1_445' title='bbox 1356 5257 1484 5330; x_wconf 88' lang='lat' dir='ltr'>eodem</span> <span class='ocrx_word' id='word_1_446' title='bbox 1510 5254 1704 5329; x_wconf 82' lang='lat' dir='ltr'>meridiano</span> <span class='ocrx_word' id='word_1_447' title='bbox 1722 5257 1841 5329; x_wconf 84' lang='lat' dir='ltr'>versiis</span> <span class='ocrx_word' id='word_1_448' title='bbox 1866 5258 2017 5334; x_wconf 87' lang='lat' dir='ltr'>boream</span> 
     </span>
     <span class='ocr_line' id='line_1_42' title="bbox 422 5349 2014 5452; baseline 0.007 -28"><span class='ocrx_word' id='word_1_449' title='bbox 422 5350 624 5438; x_wconf 85' lang='lat' dir='ltr'>contendas,</span> <span class='ocrx_word' id='word_1_450' title='bbox 649 5349 817 5448; x_wconf 89' lang='lat' dir='ltr'>sequitur,</span> <span class='ocrx_word' id='word_1_451' title='bbox 842 5354 910 5427; x_wconf 88' lang='lat' dir='ltr'>iter</span> <span class='ocrx_word' id='word_1_452' title='bbox 927 5375 1028 5428; x_wconf 88' lang='lat' dir='ltr'>tuum</span> <span class='ocrx_word' id='word_1_453' title='bbox 1045 5352 1162 5428; x_wconf 87' lang='lat' dir='ltr'>minus</span> <span class='ocrx_word' id='word_1_454' title='bbox 1178 5356 1248 5430; x_wconf 78' lang='lat' dir='ltr'>else</span> <span class='ocrx_word' id='word_1_455' title='bbox 1269 5356 1379 5451; x_wconf 74' lang='lat' dir='ltr'>quam</span> <span class='ocrx_word' id='word_1_456' title='bbox 1395 5353 1594 5452; x_wconf 73' lang='lat' dir='ltr'>conjecture</span> <span class='ocrx_word' id='word_1_457' title='bbox 1617 5354 1707 5430; x_wconf 73' lang='lat' dir='ltr'>laeta</span> <span class='ocrx_word' id='word_1_458' title='bbox 1724 5355 1897 5430; x_wconf 76' lang='lat' dir='ltr'>aestimes:</span> <span class='ocrx_word' id='word_1_459' title='bbox 1925 5360 1948 5430; x_wconf 89' lang='lat' dir='ltr'>si</span> <span class='ocrx_word' id='word_1_460' title='bbox 1975 5358 2014 5435; x_wconf 89' lang='lat' dir='ltr'>in</span> 
     </span>
     <span class='ocr_line' id='line_1_43' title="bbox 420 5450 2070 5564; baseline 0.004 -39"><span class='ocrx_word' id='word_1_461' title='bbox 420 5451 618 5564; x_wconf 76' lang='lat' dir='ltr'>meridiem,</span> <span class='ocrx_word' id='word_1_462' title='bbox 644 5453 759 5530; x_wconf 85' lang='lat' dir='ltr'>multo</span> <span class='ocrx_word' id='word_1_463' title='bbox 775 5453 842 5530; x_wconf 83' lang='lat' dir='ltr'>elle</span> <span class='ocrx_word' id='word_1_464' title='bbox 858 5450 969 5556; x_wconf 86' lang='lat' dir='ltr'>majus</span> <span class='ocrx_word' id='word_1_465' title='bbox 981 5487 994 5547; x_wconf 83' lang='lat'>3</span> <span class='ocrx_word' id='word_1_466' title='bbox 1019 5474 1128 5557; x_wconf 86' lang='lat' dir='ltr'>atque</span> <span class='ocrx_word' id='word_1_467' title='bbox 1143 5455 1229 5537; x_wconf 77' lang='lat' dir='ltr'>ideo</span> <span class='ocrx_word' id='word_1_468' title='bbox 1243 5455 1320 5560; x_wconf 78' lang='lat' dir='ltr'>illic</span> <span class='ocrx_word' id='word_1_469' title='bbox 1341 5455 1558 5536; x_wconf 84' lang='lat' dir='ltr'>observatam</span> <span class='ocrx_word' id='word_1_470' title='bbox 1585 5454 1808 5534; x_wconf 85' lang='lat' dir='ltr'>latitudinem</span> <span class='ocrx_word' id='word_1_471' title='bbox 1836 5456 2017 5534; x_wconf 85' lang='lat' dir='ltr'>minorem</span> <span class='ocrx_word' id='word_1_472' title='bbox 2063 5464 2070 5482; x_wconf 91' lang='grc'>·</span> 
     </span>
    </p>
   </div>
   <div class='ocr_carea' id='block_1_5' title="bbox 1831 5555 2013 5654">
    <p class='ocr_par' dir='ltr' id='par_1_8' title="bbox 1831 5555 2013 5654">
     <span class='ocr_line' id='line_1_44' title="bbox 1831 5555 2013 5654; baseline 0.022 -21"><span class='ocrx_word' id='word_1_473' title='bbox 1831 5555 2013 5654; x_wconf 72' lang='lat' dir='ltr'>estimati,</span> 
     </span>
    </p>
   </div>
   <div class='ocr_carea' id='block_1_6' title="bbox 0 0 2414 6659">
    <p class='ocr_par' dir='ltr' id='par_1_9' title="bbox 0 0 2414 6659">
     <span class='ocr_line' id='line_1_45' title="bbox 0 0 2414 6659; baseline 0 1"><span class='ocrx_word' id='word_1_474' title='bbox 0 0 2414 6659; x_wconf 95' lang='lat' dir='ltr'> </span> 
     </span>
    </p>
   </div>
  </div>
 </body>
</html>
